@Comment(BIBTEMPLATE .)
@Comment(BIBREFERENCES stdalphabetic)
@Comment{BIBSEPARATORS ",;&"}

IEEE Journals

aerospace and military
@STRING{IEEE_J_AES        = "{IEEE} Trans. Aerosp. Electron. Syst."}
@STRING{IEEE_J_ANE        = "{IEEE} Trans. Aerosp. Navig. Electron."}
@STRING{IEEE_J_ANNE       = "{IEEE} Trans. Aeronaut. Navig. Electron."}
@STRING{IEEE_J_AS         = "{IEEE} Trans. Aerosp."}
@STRING{IEEE_J_AIRE       = "{IEEE} Trans. Airborne Electron."}
@STRING{IEEE_J_MIL        = "{IEEE} Trans. Mil. Electron."}

autos, transportation and vehicles (non-aerospace)
@STRING{IEEE_J_ITS        = "{IEEE} Trans. Intell. Transp. Syst."}
@STRING{IEEE_J_VT         = "{IEEE} Trans. Veh. Technol."}
@STRING{IEEE_J_VC         = "{IEEE} Trans. Veh. Commun."}

circuits, signals, systems, audio and controls
@STRING{IEEE_J_SPL        = "{IEEE} Signal Process. Lett."}
@STRING{IEEE_J_ASSP       = "{IEEE} Trans. Acoust., Speech, Signal Process."}
@STRING{IEEE_J_AU         = "{IEEE} Trans. Audio"}
@STRING{IEEE_J_AUEA       = "{IEEE} Trans. Audio Electroacoust."}
@STRING{IEEE_J_AC         = "{IEEE} Trans. Autom. Control"}
@STRING{IEEE_J_CAS        = "{IEEE} Trans. Circuits Syst."}
@STRING{IEEE_J_CASVT      = "{IEEE} Trans. Circuits Syst. Video Technol."}
@STRING{IEEE_J_CASI       = "{IEEE} Trans. Circuits Syst. {I}"}
@STRING{IEEE_J_CASII      = "{IEEE} Trans. Circuits Syst. {II}"}
in 2004 CASI and CASII renamed part title to CASI_RP and CASII_EB, respectively.
@STRING{IEEE_J_CASI_RP    = "{IEEE} Trans. Circuits Syst. {I}"}
@STRING{IEEE_J_CASII_EB   = "{IEEE} Trans. Circuits Syst. {II}"}
@STRING{IEEE_J_CT         = "{IEEE} Trans. Circuit Theory"}
@STRING{IEEE_J_CST        = "{IEEE} Trans. Control Syst. Technol."}
@STRING{IEEE_J_SP         = "{IEEE} Trans. Signal Process."}
@STRING{IEEE_J_SU         = "{IEEE} Trans. Sonics Ultrason."}
@STRING{IEEE_J_SAP        = "{IEEE} Trans. Speech Audio Process."}
@STRING{IEEE_J_UE         = "{IEEE} Trans. Ultrason. Eng."}
@STRING{IEEE_J_UFFC       = "{IEEE} Trans. Ultrason., Ferroelectr., Freq. Control"}

communications
@STRING{IEEE_J_COML       = "{IEEE} Commun. Lett."}
@STRING{IEEE_J_JSAC       = "{IEEE} J. Sel. Areas Commun."}
@STRING{IEEE_J_COM        = "{IEEE} Trans. Commun."}
@STRING{IEEE_J_COMT       = "{IEEE} Trans. Commun. Technol."}
@STRING{IEEE_J_WCOM       = "{IEEE} Trans. Wireless Commun."}

components, packaging and manufacturing
@STRING{IEEE_J_ADVP       = "{IEEE} Trans. Adv. Packag."}
@STRING{IEEE_J_CHMT       = "{IEEE} Trans. Compon., Hybrids, Manuf. Technol."}
@STRING{IEEE_J_CPMTA      = "{IEEE} Trans. Compon., Packag., Manuf. Technol. {A}"}
@STRING{IEEE_J_CPMTB      = "{IEEE} Trans. Compon., Packag., Manuf. Technol. {B}"}
@STRING{IEEE_J_CPMTC      = "{IEEE} Trans. Compon., Packag., Manuf. Technol. {C}"}
@STRING{IEEE_J_CAPT       = "{IEEE} Trans. Compon. Packag. Technol."}
@STRING{IEEE_J_CAPTS      = "{IEEE} Trans. Compon. Packag. Technol."}
@STRING{IEEE_J_CPART      = "{IEEE} Trans. Compon. Parts"}
@STRING{IEEE_J_EPM        = "{IEEE} Trans. Electron. Packag. Manuf."}
@STRING{IEEE_J_MFT        = "{IEEE} Trans. Manuf. Technol."}
@STRING{IEEE_J_PHP        = "{IEEE} Trans. Parts, Hybrids, Packag."}
@STRING{IEEE_J_PMP        = "{IEEE} Trans. Parts, Mater., Packag."}

CAD
@STRING{IEEE_J_TCAD       = "{IEEE} J. Technol. Comput. Aided Design"}
@STRING{IEEE_J_CAD        = "{IEEE} Trans. Comput.-Aided Design Integr. Circuits Syst."}

coding, data, information, knowledge
@STRING{IEEE_J_IT         = "{IEEE} Trans. Inf. Theory"}
@STRING{IEEE_J_KDE        = "{IEEE} Trans. Knowl. Data Eng."}

computers, computation, networking and software
@STRING{IEEE_J_C          = "{IEEE} Trans. Comput."}
@STRING{IEEE_J_CAL        = "{IEEE} Comput. Archit. Lett."}
disabled till definition is verified
STRING{IEEE_J_DSC         = "{IEEE} Trans. Dependable Secure Comput."}
@STRING{IEEE_J_ECOMP      = "{IEEE} Trans. Electron. Comput."}
@STRING{IEEE_J_EVC        = "{IEEE} Trans. Evol. Comput."}
@STRING{IEEE_J_FUZZ       = "{IEEE} Trans. Fuzzy Syst."}
@STRING{IEEE_J_IFS        = "{IEEE} Trans. Inf. Forensics Security"}
@STRING{IEEE_J_MC         = "{IEEE} Trans. Mobile Comput."}
@STRING{IEEE_J_NET        = "{IEEE/ACM} Trans. Netw."}
@STRING{IEEE_J_NN         = "{IEEE} Trans. Neural Netw."}
@STRING{IEEE_J_PDS        = "{IEEE} Trans. Parallel Distrib. Syst."}
@STRING{IEEE_J_SE         = "{IEEE} Trans. Softw. Eng."}

computer graphics, imaging, and multimedia
@STRING{IEEE_J_JDT        = "{IEEE/OSA} J. Display Technol."}
@STRING{IEEE_J_IP         = "{IEEE} Trans. Image Process."}
@STRING{IEEE_J_MM         = "{IEEE} Trans. Multimedia"}
@STRING{IEEE_J_VCG        = "{IEEE} Trans. Vis. Comput. Graphics"}

cybernetics, ergonomics, robots, man-machine, and automation
@STRING{IEEE_J_ASE        = "{IEEE} Trans. Autom. Sci. Eng."}
@STRING{IEEE_J_JRA        = "{IEEE} J. Robot. Autom."}
@STRING{IEEE_J_HFE        = "{IEEE} Trans. Hum. Factors Electron."}
@STRING{IEEE_J_MMS        = "{IEEE} Trans. Man-Mach. Syst."}
@STRING{IEEE_J_PAMI       = "{IEEE} Trans. Pattern Anal. Mach. Intell."}
in 1989 JRA became RA
in August 2004, RA split into ASE and RO
@STRING{IEEE_J_RA         = "{IEEE} Trans. Robot. Autom."}
@STRING{IEEE_J_RO         = "{IEEE} Trans. Robot."}
@STRING{IEEE_J_SMC        = "{IEEE} Trans. Syst., Man, Cybern."}
@STRING{IEEE_J_SMCA       = "{IEEE} Trans. Syst., Man, Cybern. {A}"}
@STRING{IEEE_J_SMCB       = "{IEEE} Trans. Syst., Man, Cybern. {B}"}
@STRING{IEEE_J_SMCC       = "{IEEE} Trans. Syst., Man, Cybern. {C}"}
@STRING{IEEE_J_SSC        = "{IEEE} Trans. Syst. Sci. Cybern."}

earth, wind, fire and water
@STRING{IEEE_J_GE         = "{IEEE} Trans. Geosci. Electron."}
@STRING{IEEE_J_GRS        = "{IEEE} Trans. Geosci. Remote Sens."}
@STRING{IEEE_J_GRSL       = "{IEEE} Geosci. Remote Sens. Lett."}
@STRING{IEEE_J_OE         = "{IEEE} J. Ocean. Eng."}

education, engineering, history, IEEE, professional
disabled till definition is verified
STRING{IEEE_J_CJECE       = "Canadian J. Elect. Comput. Eng."}
@STRING{IEEE_J_PROC       = "Proc. {IEEE}"}
@STRING{IEEE_J_EDU        = "{IEEE} Trans. Educ."}
@STRING{IEEE_J_EM         = "{IEEE} Trans. Eng. Manag."}
disabled till definition is verified
STRING{IEEE_J_EWS         = "{IEEE} Trans. Eng. Writing Speech"}
@STRING{IEEE_J_PC         = "{IEEE} Trans. Prof. Commun."}

electromagnetics, antennas, EMI, magnetics and microwave
@STRING{IEEE_J_AWPL       = "{IEEE} Antennas Wireless Propag. Lett."}
@STRING{IEEE_J_MGWL       = "{IEEE} Microw. Guided Wave Lett."}
IEEE seems to want "Compon." here, not "Comp."
@STRING{IEEE_J_MWCL       = "{IEEE} Microw. Wireless Compon. Lett."}
@STRING{IEEE_J_AP         = "{IEEE} Trans. Antennas Propag."}
@STRING{IEEE_J_EMC        = "{IEEE} Trans. Electromagn. Compat."}
@STRING{IEEE_J_MAG        = "{IEEE} Trans. Magn."}
@STRING{IEEE_J_MTT        = "{IEEE} Trans. Microw. Theory Tech."}
@STRING{IEEE_J_RFI        = "{IEEE} Trans. Radio Freq. Interference"}
@STRING{IEEE_J_TJMJ       = "{IEEE} Transl. J. Magn. Jpn."}

energy and power
@STRING{IEEE_J_EC         = "{IEEE} Trans. Energy Convers."}
@STRING{IEEE_J_PEL        = "{IEEE} Power Electron. Lett."}
@STRING{IEEE_J_PWRAS      = "{IEEE} Trans. Power App. Syst."}
@STRING{IEEE_J_PWRD       = "{IEEE} Trans. Power Del."}
@STRING{IEEE_J_PWRE       = "{IEEE} Trans. Power Electron."}
@STRING{IEEE_J_PWRS       = "{IEEE} Trans. Power Syst."}

industrial, commercial and consumer
@STRING{IEEE_J_APPIND     = "{IEEE} Trans. Appl. Ind."}
@STRING{IEEE_J_BC         = "{IEEE} Trans. Broadcast."}
disabled till definition is verified
STRING{IEEE_J_BCTV        = "{IEEE} Trans. Broadcast Television Receivers"}
@STRING{IEEE_J_CE         = "{IEEE} Trans. Consum. Electron."}
@STRING{IEEE_J_IE         = "{IEEE} Trans. Ind. Electron."}
@STRING{IEEE_J_IECI       = "{IEEE} Trans. Ind. Electron. Contr. Instrum."}
@STRING{IEEE_J_IA         = "{IEEE} Trans. Ind. Appl."}
@STRING{IEEE_J_IGA        = "{IEEE} Trans. Ind. Gen. Appl."}
@STRING{IEEE_J_IINF       = "{IEEE} Trans. Ind. Informat."}
@STRING{IEEE_J_PSE        = "{IEEE} J. Product Safety Eng."}

instrumentation and measurement
@STRING{IEEE_J_IM         = "{IEEE} Trans. Instrum. Meas."}

insulation and materials
@STRING{IEEE_J_JEM        = "{IEEE/TMS} J. Electron. Mater."}
@STRING{IEEE_J_DEI        = "{IEEE} Trans. Dielectr. Electr. Insul."}
@STRING{IEEE_J_EI         = "{IEEE} Trans. Electr. Insul."}

mechanical
@STRING{IEEE_J_MECH       = "{IEEE/ASME} Trans. Mechatronics"}
@STRING{IEEE_J_MEMS       = "J. Microelectromech. Syst."}

medical and biological
@STRING{IEEE_J_BME        = "{IEEE} Trans. Biomed. Eng."}
Note: The B-ME journal later dropped the hyphen and became the BME.
@STRING{IEEE_J_B-ME       = "{IEEE} Trans. Bio-Med. Eng."}
@STRING{IEEE_J_BMELC      = "{IEEE} Trans. Bio-Med. Electron."}
disabled till definition is verified
STRING{IEEE_J_CBB         = "{IEEE/ACM} Trans. Comput. Biology Bioinformatics"}
@STRING{IEEE_J_ITBM       = "{IEEE} Trans. Inf. Technol. Biomed."}
@STRING{IEEE_J_ME         = "{IEEE} Trans. Med. Electron."}
@STRING{IEEE_J_MI         = "{IEEE} Trans. Med. Imag."}
@STRING{IEEE_J_NB         = "{IEEE} Trans. Nanobiosci."}
@STRING{IEEE_J_NSRE       = "{IEEE} Trans. Neural Syst. Rehabil. Eng."}
@STRING{IEEE_J_RE         = "{IEEE} Trans. Rehabil. Eng."}

optics, lightwave and photonics
@STRING{IEEE_J_PTL        = "{IEEE} Photon. Technol. Lett."}
@STRING{IEEE_J_JLT        = "J. Lightw. Technol."}

physics, electrons, nanotechnology, nuclear and quantum electronics
@STRING{IEEE_J_EDL        = "{IEEE} Electron Device Lett."}
@STRING{IEEE_J_JQE        = "{IEEE} J. Quantum Electron."}
@STRING{IEEE_J_JSTQE      = "{IEEE} J. Sel. Topics Quantum Electron."}
@STRING{IEEE_J_ED         = "{IEEE} Trans. Electron Devices"}
@STRING{IEEE_J_NANO       = "{IEEE} Trans. Nanotechnol."}
@STRING{IEEE_J_NS         = "{IEEE} Trans. Nucl. Sci."}
@STRING{IEEE_J_PS         = "{IEEE} Trans. Plasma Sci."}

reliability
IEEE seems to want "Mat." here, not "Mater."
@STRING{IEEE_J_DMR        = "{IEEE} Trans. Device Mater. Rel."}
@STRING{IEEE_J_R          = "{IEEE} Trans. Rel."}

semiconductors, superconductors, electrochemical and solid state
@STRING{IEEE_J_ESSL       = "{IEEE/ECS} Electrochem. Solid-State Lett."}
@STRING{IEEE_J_JSSC       = "{IEEE} J. Solid-State Circuits"}
@STRING{IEEE_J_ASC        = "{IEEE} Trans. Appl. Supercond."}
@STRING{IEEE_J_SM         = "{IEEE} Trans. Semicond. Manuf."}

sensors
@STRING{IEEE_J_SENSOR     = "{IEEE} Sensors J."}

VLSI
@STRING{IEEE_J_VLSI       = "{IEEE} Trans. {VLSI} Syst."}

IEEE Magazines
@STRING{IEEE_M_AES        = "{IEEE} Aerosp. Electron. Syst. Mag."}
@STRING{IEEE_M_HIST       = "{IEEE} Ann. Hist. Comput."}
@STRING{IEEE_M_AP         = "{IEEE} Antennas Propag. Mag."}
@STRING{IEEE_M_ASSP       = "{IEEE} {ASSP} Mag."}
@STRING{IEEE_M_CD         = "{IEEE} Circuits Devices Mag."}
@STRING{IEEE_M_CAS        = "{IEEE} Circuits Syst. Mag."}
@STRING{IEEE_M_COM        = "{IEEE} Commun. Mag."}
@STRING{IEEE_M_COMSOC     = "{IEEE} Commun. Soc. Mag."}
@STRING{IEEE_M_CIM        = "{IEEE} Comput. Intell. Mag."}
CSEM changed to CSE in 1999
@STRING{IEEE_M_CSE        = "{IEEE} Comput. Sci. Eng."}
@STRING{IEEE_M_CSEM       = "{IEEE} Comput. Sci. Eng. Mag."}
@STRING{IEEE_M_C          = "{IEEE} Computer"}
@STRING{IEEE_M_CAP        = "{IEEE} Comput. Appl. Power"}
@STRING{IEEE_M_CGA        = "{IEEE} Comput. Graph. Appl."}
@STRING{IEEE_M_CONC       = "{IEEE} Concurrency"}
@STRING{IEEE_M_CS         = "{IEEE} Control Syst. Mag."}
@STRING{IEEE_M_DTC        = "{IEEE} Des. Test. Comput."}
@STRING{IEEE_M_EI         = "{IEEE} Electr. Insul. Mag."}
@STRING{IEEE_M_ETR        = "{IEEE} ElectroTechnol. Rev."}
@STRING{IEEE_M_EMB        = "{IEEE} Eng. Med. Biol. Mag."}
@STRING{IEEE_M_EMR        = "{IEEE} Eng. Manag. Rev."}
@STRING{IEEE_M_EXP        = "{IEEE} Expert"}
@STRING{IEEE_M_IA         = "{IEEE} Ind. Appl. Mag."}
@STRING{IEEE_M_IM         = "{IEEE} Instrum. Meas. Mag."}
@STRING{IEEE_M_IS         = "{IEEE} Intell. Syst."}
@STRING{IEEE_M_IC         = "{IEEE} Internet Comput."}
@STRING{IEEE_M_ITP        = "{IEEE} {IT} Prof."}
@STRING{IEEE_M_MICRO      = "{IEEE} Micro"}
@STRING{IEEE_M_MW         = "{IEEE} Microw. Mag."}
@STRING{IEEE_M_MM         = "{IEEE} Multimedia"}
@STRING{IEEE_M_NET        = "{IEEE} Netw."}
IEEE's editorial manual lists "Pers. Commun.",
but "Personal Commun. Mag." seems to be what is used in the journals
@STRING{IEEE_M_PCOM       = "{IEEE} Personal Commun. Mag."}
@STRING{IEEE_M_POT        = "{IEEE} Potentials"}
CAP and PER merged to form PE in 2003
@STRING{IEEE_M_PE         = "{IEEE} Power Energy Mag."}
@STRING{IEEE_M_PER        = "{IEEE} Power Eng. Rev."}
@STRING{IEEE_M_PVC        = "{IEEE} Pervasive Comput."}
@STRING{IEEE_M_RA         = "{IEEE} Robot. Autom. Mag."}
@STRING{IEEE_M_SAP        = "{IEEE} Security Privacy"}
@STRING{IEEE_M_SP         = "{IEEE} Signal Process. Mag."}
@STRING{IEEE_M_S          = "{IEEE} Softw."}
@STRING{IEEE_M_SPECT      = "{IEEE} Spectr."}
@STRING{IEEE_M_TS         = "{IEEE} Technol. Soc. Mag."}
@STRING{IEEE_M_VT         = "{IEEE} Veh. Technol. Mag."}
@STRING{IEEE_M_WC         = "{IEEE} Wireless Commun. Mag."}
@STRING{IEEE_M_TODAY      = "Today's Engineer"}

IEEE Online Publications
@STRING{IEEE_O_CSTO        = "{IEEE} Commun. Surveys Tuts."}
disabled till definition is verified
STRING{IEEE_O_DSO          = "{IEEE} Distrib. Syst. Online"}

%%%% The papers related to social network analysis

@article{yelmzz,
    author = {Yanru Zhang and E. Pan and Lingyang Song and M. Saad and Z. Dawy and Zhu Han},
    journal = IEEE_J_WCOM,
    pages = {177-190},
    publisher = {IEEE},
    title = {{Social Network Aware Device-to-Device Communication in Wireless Networks}},
    volume = {14},
    number = {1},
    year = {2014}
}


@article{bet-ady,
    author = {Alexis Papadimitriou and Dimitrios Katsaros and Yannis Manolopoulos},
    journal = {Next Generation Society. Technological and Legal Issues},
    pages = {411--420},
    publisher = {Springer},
    title = {{Social Network Analysis and Its Applications in Wireless Sensor and Vehicular Networks}},
    volume = {26},
    year = {2010}
}

@inproceedings{DimokasKM07,
  author    = {Nikos Dimokas and
               Dimitrios Katsaros and
               Yannis Manolopoulos},
  title     = {{Cooperative Caching in Wireless Multimedia Sensor Networks}},
  booktitle = {Proc. of the 3rd International Conference on Mobile Multimedia
               Communications, MobiMedia 2007},
  pages     = {377--382},
  year      = {2007}
}

@article{bet-dnl,
    author = {Dimitrios Katsaros and Nikos Dimokas and Leandros Tassiulas},
    journal = {IEEE Network},
    title = {{Social Network Analysis Concepts in the Design of Wireless Ad Hoc Network Protocols}},
    month = {November},
    number = {6},
    volume = {24},
    pages = {23--29},
    year = {2010}
}

@inproceedings{bet-ab,
    author    = {A. Jain and B. V. R. Reddy},
    title     = {{Node Centrality in Wireless Sensor Networks: Importance, Applications and Advances}},
    booktitle = {Proc. of 2013 IEEE 3rd International Advance Computing Conference (IACC)},
    pages     = {127--131},
    month     = {Feb.},
    year      = {2013}
}

@inproceedings{bet-dsdej,
    author    = {Dongsheng Zhang and S. A. Gogi and D. S. Broyles and E. K. Cetinkaya and J. P. G. Sterbenz},
    title     = {{Modelling attacks and challenges to wireless networks}},
    booktitle = {Proc. of 2012 4th International Congress on ICUMT},
    pages     = {806--812},
    month     = {Oct.},
    year      = {2012}
}

@article{bet-dnl,
    author = {Dimitrios Katsaros and Nikos Dimokas and Leandros Tassiulas},
    journal = {IEEE Network},
    title = {{Social Network Analysis Concepts in the Design of Wireless Ad Hoc Network Protocols}},
    month = {November},
    number = {6},
    volume = {24},
    pages = {23--29},
    year = {2010}
}


@article{bet-jmh,
    author = {Jianwei Niu, Mingzhu Liu, Han-Chieh Chao},
    journal = {Mobile Information Systems},
    pages = {331--345},
    publisher = {IOS Press},
    title = {{A P2P Query Algorithm for Opportunistic Networks Utilizing Betweenness Centrality Forwarding}},
    volume = {9},
    number = {4},
    year = {2013}
}

@inproceedings{bet-epsj,
    author    = {Eiko Yoneki and Pan Hui and ShuYan Chan and Jon Crowcroft},
    title     = {{A Socio-aware Overlay for Publish/Subscribe Communication in Delay Tolerant Networks}},
    booktitle = {Proc. of 10th ACM MSWiM},
    pages     = {225--234},
    year      = {2007}
}

@inproceedings{bet-pmi,
    author    = {Panagiotis Pantazopoulos and Merkourios Karaliopoulos and Ioannis Stavrakakis},
    title     = {{Centrality-driven Scalable Service Migration}},
    booktitle = {Proc. of 23rd International Teletraffic Congress},
    pages     = {127--134},
    year      = {2011}
}

@inproceedings{bet-pejj,
    author    = {P. U. Tournoux and E. Lochin and J. Leguay and J. Lacan},
    title     = {{Robust Streaming in Delay Tolerant Networks}},
    booktitle = {Proc. of IEEE ICC},
    pages     = {1--5},
    month     = {Oct.},
    year      = {2010}
}

@article{bet-aady,
    author = {Alfredo Cuzzocreaa and Alexis Papadimitrioub and Dimitrios Katsarosc and Yannis Manolopoulosb},
    journal = {Journal of Network and Computer Applications},
    number = {4},
    pages = {1210--1217},
    title = {{Edge Betweenness Centrality: A Novel Algorithm for QoS-based Topology Control over Wireless Sensor Networks}},
    volume = {35},
    month = {July},
    year = {2012}
}

@inproceedings{bet-aoc,
    author    = {Alexander P. Giles and Orestis Georgiou and Carl P. Dettmann},
    title     = {{Betweenness Centrality in Dense Random Geometric Networks}},
    booktitle = {Submitted to 2015 IEEE ICC},
    year      = {2015}
}

@article{bet-mz,
    author = {Maria Ercsey-Ravasz and Zoltan Toroczkai},
    journal = {Phys. Rev. Lett},
    number = {105},
    pages = {038701+},
    title = {{Centrality Scaling in Large Networks}},
    year = {2010}
}

@article{Holme2002,
    author = {Holme, Petter and Kim, Beom J.},
    journal = {Physical Review E},
    month = jan,
    number = {2},
    pages = {026107+},
    title = {{Growing Scale-free Networks with Tunable Clustering}},
    volume = {65},
    year = {2002}
}


@article{community,
author        = {Lei Tang and Huan Liu},
title         = {{Community Detection and Mining in Social Media}},
journal       = {Synthesis Lectures on Data Mining and Knowledge Discovery},
volume        = {2},
number        = {1},
year          = {2010}
}

@article{centrality,
author        = {L. C. Freeman},
title         = {{Centrality in Social Networks: Conceptual Clarification}},
journal       = {Social Networks},
volume        = {1},
year          = {1979},
pages         = {215--239}
}

@article{everett,
author        = {M. Everett and S. P. Borgatti},
title         = {{Ego Network Betweenness}},
journal       = {Social Networks},
volume        = {27},
number        = {1},
year          = {2005},
month         = {Jan.},
pages         = {31--38}
}

@ARTICLE{Brandes01afaster,
    author = {Ulrik Brandes},
    title = {{A Faster Algorithm for Betweenness Centrality}},
    journal = {Journal of Mathematical Sociology},
    year = {2001},
    volume = {25},
    pages = {163--177}
}

@unpublished{VW11,
    author = {{Vassilevska Williams}},
    title = {Breaking the {C}oppersmith-{W}inograd Barrier},
    year = {2011}
}

%%%% The papers related to DTN routing based on social network

@MISC{cambridge-haggle-2009-05-29,
	  author = {James Scott and Richard Gass and Jon Crowcroft and Pan Hui and Christophe Diot and Augustin Chaintreau},
	  title = {{CRAWDAD data set cambridge/haggle (v. 2009-05-29)}}, 
	  howpublished = {downloaded from http://crawdad.cs.dartmouth.edu/cambridge/haggle},
	  month = may,  
	  year = 2009
}

@MISC{crawdad-papers,
title={{A list of papers that use CRAWDAD data and tools}},
URL = {http://www.citeulike.org/group/5303/library}
}

@techreport{Epidemic,
author        = {A. Vahdat and D. Becker},
title         = {{Epidemic Routing for Partially Connected Ad Hoc Networks}},
institution   = {Duke University},
number        = {Technical Report CS-200006},
year          = {2000}
}

@inproceedings{SprayWait,
author        = {T. Spyropoulos and K. Psounis and C. S. Raghavendra},
title         = {{Spray and Wait: An Efficient Routing Scheme for Intermittently Connected Mobile Networks}},
booktitle     = {Proc. of the 2005 ACM SIGCOMM workshop on Delay-tolerant networking ({WDTN} '05)},
pages         = {252--259},
year          = {2005}
}

@article{PRoPHET,
author        = {A. Lindgren, A. Doria, and O. Schelen},
title         = {{Probabilistic Routing in Intermittently Connected Networks}},
journal       = {SIGMOBILE Mobile Computing and Communication Review},
volume        = {7},
number        = {3},
year          = {2003}
}

@inproceedings{EvalSpace,
author        = {J. Leguay and T. Friedman and V. Conan},
title         = {{Evaluating Mobility Pattern Space Routing for DTNs}},
booktitle     = {Proc. of IEEE Infocom},
pages         = {1--10},
year          = {2006}
}

@inproceedings{DiversityForarding,
author        = {{V. Erramilli et al.}},
title         = {{Diversity of Forwarding Paths in Pocket Switched Networks}},
booktitle     = {Proc. of ACM IMC},
pages         = {161--174},
year          = {2007}
}

@inproceedings{bader06centrality,
author = {D. A. Bader and K. Madduri},
booktitle = {Proc. The 35th International Conference on Parallel Processing (ICPP)},
title = {{Parallel Algorithms for Evaluating Centrality Indices in Real-world Networks}},
year = 2006
}

@ARTICLE{beyondDTN, 
author        = {M. R. Schurgot and C. Comaniciu and K. Jaffres-Runser}, 
journal       = IEEE_M_COM, 
title         = {{Beyond Traditional DTN Routing: Social Networks for Opportunistic Communication}}, 
year          = {2012}, 
volume        = {50}, 
number        = {7}, 
pages         = {155--162} 
}

@INPROCEEDINGS{Pant13:Local,
AUTHOR        = {P. Pantazopoulos and M. Karaliopoulos and I. Stavrakakis},
TITLE         = {{On the Local Approximations of Node Centrality in Internet Router-level Topologies}},
BOOKTITLE     = {7th Int'l Workshop on Self-Organizing Systems (IFIP IWSOS'13)},
MONTH         = {March},
YEAR          = {2013}
}


@article {SIMBET,
author        = {E. M. Daly and M. Haahr}, 
journal       = IEEE_J_MC, 
title         = {{Social Network Analysis for Information Flow in Disconnected Delay-Tolerant MANETs}}, 
year          = {2009}, 
volume        = {8}, 
number        = {5}, 
pages         = {606--621}
}

@article{IEEE_J_COML_eisserdtn,
author        = "Pan Hui and Depeng Jin and Li Su and Lieguang Zeng",
title         = "Evaluating the impact of social selfishness on the epidemic routing in delay tolerant networks",
journal       = IEEE_J_COML,
volume        = {14},
number        = {11},
year          = {2010},
pages         = {1026--1028},
doi           = {10.1109/LCOMM.2010.093010.100492}
}

@inproceedings{com_based_social,
author        = "M. Xuebin and C. Bo",
title         = "A Community-Based Routing Algorithm for Opportunistic Networks",
booktitle     = "Proc. of International Conference on Ubiquitous and Future Networks ({ICUFN} 2013)",
address       = "Da Nang, Vietnam",
month         = "July",
year          = "2013"
}

@inproceedings{ICCN:lbcdna,
author        = {S. Nanda and D. Kotz},
title         = {{Localized Bridging Centrality for Distributed Network Analysis}},
booktitle     = {{Proc. of IEEE ICCN}},
year          = {2008},
}

@inproceedings{IEEE:bubble,
author        = "P. Hui and J. Crowcroft and E. Yoneki",
title         = {{BUBBLE Rap: Social-Based Forwarding in Delay-Tolerant Networks"}},
booktitle     = IEEE_J_MC,
volume        = "10",
number        = "11",
pages         = "1576--1589",
year          = "2008",
}

@inproceedings{egocentric,
author        = {Peter V. Marsden},
title         = {{Egocentric and Sociocentric Measures of Network Centrality}},
booktitle     = {Social Networks},
volume        = {24},
pages         = {407--422},
year          = {2002},
}

@inproceedings{human_mobility,
  author        = {A. Chaintreau and P. Hui and J. Crowcroft and C. Diot and R. Gass and J. Scott},
  title         = {{Impact of Human Mobility on the Design of Opportunistic Forwarding Algorithms}},
  booktitle     = {{Proc. of IEEE INFOCOM 2006}},
  pages        = {1--13},
  address       = {Barcelona, Spain},
  month         = Apr,
  year          = {2006},
}

@inproceedings{mit_reality,
  author        = "N. Eagle and A. Pentland",
  title         = {{Reality mining: sensing complex social systems}},
  booktitle     = {{Personal and Ubiquitous Computing}},
  volume    ="10",
  number = "4",
  pages        = "255-268",

  month         = may,
  year          = "2006",
}

@inproceedings{pocket,
  author        = "P.Hui and A.Chaintreau and J.Scott and R.Gass and J.Crowcroft and C.Diot",
  title         = {{Pocket switched networks and human mobility in conference environments}},
  booktitle     = {{ACM SIGCOMM workshop on Delay-tolerant networking}},
  pages        = "244-251",
  year          = "2005",
}

@inproceedings{opportunistic,
  author        = "J.Leguay and A.Lindgren and J.Scott and T.Friedman and J.Crowcroft",
  title         = {{Opportunistic content distribution in an urban setting}},
  booktitle     = {{ACM SIGCOMM workshop on Challenged networks}},
  pages        = "205--212",
  year          = "2006",
}

@ARTICLE{Brandes01afaster,
    author = {Ulrik Brandes},
    title = {A Faster Algorithm for Betweenness Centrality},
    journal = {Journal of Mathematical Sociology},
    year = {2001},
    volume = {25},
    pages = {163--177}
}


%%%%%%%%%%%%%%%%%%%%%%%%%%%%%%%%%%%%%%%%%%%%%%%%%%%%%%%%%%%%%%%%%%%%%%%%%%%%%%%%%%%%%%%%%%%%%%%%%%%%%%%%%%%%%%%%

%%%% The papers related to sensor network
@book{rap_book,
author = {T. Rappaport},
title = {Wireless Communications: Principles and Practice},
year = {1996},
publisher = {Prentice Hall}
}

@book{Baase:1999,
author = {Sara Baase and Allen Van Gelder},
title = {{C}omputer {A}lgorithms: {I}ntroduction to {D}esign and {A}nalysis},
year = {1999},
isbn = {0201612445},
edition = {3rd},
publisher = {Addison-Wesley Longman Publishing Co., Inc.},
address = {Boston, MA, USA},
}

@book{dhrrjw:2007,
author = {David Halliday and Robert Resnick and Jearl Walker},
title = {{F}undamentals of {P}hysics},
year = {2007},
isbn = {0470044721},
edition = {8th},
publisher = {Wiley}
}

@book{ras:1986,
author = {Raymond A. Serway},
title = {{P}hysics for {S}cientists and {E}ngineers},
year = {2006},
isbn = {0030045347},
edition = {2nd},
publisher = {Saunders College Publishing}
}

@INPROCEEDINGS{YC_movement,
    author = {Y. Yang and M. Cardei},
    title = {Movement-{A}ssisted {S}ensor {R}edeployment {S}cheme for {N}etwork {L}ifetime {I}ncrease},
    booktitle = {MSWIM'07},
    month = {Octobor},
    year = {2007},
    pages = {1--8}
}

@INPROCEEDINGS{Olariu06,
    author = {Stephan Olariu and Ivan Stojmenovic},
    title = {Design {G}idelines for {M}aximizing {L}ifetime and {A}voiding {E}nergy {H}oles in {S}ensor {N}etworks with {U}niform {D}istribution and {U}niform {R}eporting},
    booktitle = {IEEE INFOCOM},
    year = {2006},
    pages = {1--12}
}

@INPROCEEDINGS{BKXYL_deploying,
author={X. Bai and S. Kumar and D. Xuan and Z. Yun and T. Lai},
booktitle={The 7th ACM international symposium on Mobile ad hoc networking and computing (MobiHoc)},
TITLE = {Deploying {W}ireless {S}ensors to {A}chieve {B}oth {C}overage and {C}onnectivity},
pages = {131--142},
year={2006}
}

@article{Yun:2010,
 author = {Z. Yun and X. Bai and D. Xuan and T. H. Lai and W. Jia},
 title = {Optimal {D}eployment {P}atterns for {F}ull {C}overage and $k$-connectivity ($k \leq 6$) {W}ireless {S}ensor {N}etworks},
 journal = {IEEE/ACM Transaction on Networking},
 volume = {18},
 issue = {3},
 month = {June},
 year = {2010},
 issn = {1063-6692},
 pages = {934--947},
 numpages = {14},
 url = {http://dx.doi.org/10.1109/TNET.2010.2040191},
 doi = {http://dx.doi.org/10.1109/TNET.2010.2040191},
 acmid = {1959357},
 publisher = {IEEE Press},
 address = {Piscataway, NJ, USA},
 keywords = {connectivity, coverage, network topology, optimal deployment pattern, wireless sensor networks (WSNs)},
}

@INPROCEEDINGS{605303, 
author={Das, B. and Bharghavan, V.}, 
booktitle={IEEE International Conference on Communications (ICC)}, 
title={Routing in Ad-hoc Networks Using Minimum Connected Dominating Sets}, 
year={1997}, 
volume={1}, 
pages={376-380}
}

@INPROCEEDINGS{4698820, 
author={Bako, B. and Kargl, F. and Schoch, E. and Weber, M.}, 
booktitle={IEEE Global Telecommunications Conference (GLOBECOM)}, 
title={Advanced Adaptive Gossiping Using 2-Hop Neighborhood Information}, 
year={2008}, 
pages={1-6} 
}

@INPROCEEDINGS{4146881, 
author={Burgess, J. and Gallagher, Brian and Jensen, D. and Levine, B.N.}, 
booktitle={Proceedings of 25th IEEE INFOCOM}, 
title={{MaxProp: Routing for Vehicle-Based Disruption-Tolerant Networks}}, 
year={2006}, 
pages={1-11}
}

@INPROCEEDINGS{Dubois03,
    author = {Henri Dubois-ferriere and Matthias Grossglauser and Martin Vetterli},
    title = {{Age Matters: Efficient Route Discovery in Mobile Ad Hoc Networks Using Encounter Ages}},
    booktitle = {Proceedings of ACM MobiHoc},
    year = {2003},
    pages = {257--266}
}

@Article{s90705173,
AUTHOR = {Shih, Kuei-Ping and Deng, Der-Jiunn and Chang, Ruay-Shiung and Chen, Hung-Chang},
TITLE = {On {C}onnected {T}arget {C}overage for {W}ireless {H}eterogeneous {S}ensor {N}etworks with {M}ultiple {S}ensing {U}nits},
JOURNAL = {Sensors},
VOLUME = {9},
YEAR = {2009},
NUMBER = {7},
PAGES = {5173--5200},
URL = {http://www.mdpi.com/1424-8220/9/7/5173/},
ISSN = {1424-8220},
DOI = {10.3390/s90705173}
}

@ARTICLE{KHJP_2011,
    author = {Y.-h. Kim and Y.-H. Han and Y.-S. Jeong and D.-S. Park},
    title = {Lifetime {M}aximization {C}onsidering {T}arget {C}overage and {C}onnectivity in {D}irectional {I}mage/{V}ideo {S}ensor {N}etworks},
    journal = {Journal of Supercomputing},
    year = {2011},
    doi = {10.1007/s11227-011-0646-9},
    pages = {1--18}
}

@INPROCEEDINGS{Ahmed_2005,
    author = {N. Ahmed and S. S. Kanhere and S. Jha},
    title = {Probabilistic {C}overage in {W}ireless {S}ensor {N}etworks},
    booktitle = {The IEEE Conference on Local Computer Networks},
    month = "November",
    year = {2005},
    pages = {1--8}
}

@ARTICLE{localization2:2010,
    author = {Kezhong Liu and Ji Xiong},
    title = {A {F}ine-grained {L}ocalization {S}cheme {U}sing {A} {M}obile {B}eacon {N}ode for {W}ireless {S}ensor {N}etworks},
    journal = {Journal of Information Processing Systems},
    year = {2010},
    month = {June},
    volume = {6},
    Number = {2},
    pages = {147--162}
}

@ARTICLE{localization:2010,
    author = {Yunhao Liu and Zheng Yang and Xiaoping Wang and Lirong Jian},
    title = {Location, localization, and localizability},
    journal = {Journal of Computer Science and Technology},
    year = {2010},
    volume = {25},
    Number = {2},
    pages = {274--297}
}

@ARTICLE{JY_Genetic,
    author = {J.-M. Gil and Y.-H. Han},
    title = {A Target Coverage Scheduling Scheme Based on Genetic Algorithms in Directional Sensor Networks},
    journal = {Sensors},
    year = {2011},
    volume = {11},
    Number = {2},
    pages = {1888--1906}
}

@INPROCEEDINGS{HA_Sensors,
author={M. Hefeeda and H. Ahmadi},
booktitle={IEEE Internatonal Conference on Mobile Adhoc and Sensor Systems (MASS 2007)},
title={Network {C}onnectivity under {P}robabilistic {C}ommunication {M}odels in {W}ireless {S}ensor {N}etworks},
year={2007},
month={October}
}

@INPROCEEDINGS{GH_Rot,
author={G. Fusco and H. Gupta},
booktitle={7th Annual IEEE Communications Society Conference on Sensor, Mesh and Ad Hoc Communications and Networks (SECON '10)},
title={Placement and Orientation of Rotating Directional Sensors},
year={2010},
month={June},
pages={332-340}
}

@inproceedings{GuptaRS05,
  author    = {Indranil Gupta and
               Denis Riordan and
               Srinivas Sampalli},
  title     = {{Cluster-Head Election Using Fuzzy Logic for Wireless Sensor Networks}},
  booktitle = {3rd Annual Conference on Communication Networks and Services Research 
               {(CNSR} 2005)},
  pages     = {255--260},
  year      = {2005}
}

@INPROCEEDINGS{MBCN_Sensor,
author={S. K. Mitra and J. Banerjee and A. Chakraborty and M. K. Naskar},
booktitle={International Conference on Communication, Computing and Security (ICCCS 2011)},
title={Data {G}athering in {W}ireless {S}ensor {N}etwork using {R}ealistic {P}ower {C}ontrol},
year={2011},
month={Febraury}
}

@INPROCEEDINGS{JCY_Greedy,
author={J.-M. Gil and C.-M. Kim and Y.-H. Han},
booktitle={The 5th International Conference on Ubiquitous Information Technologies and Applications (CUTE)},
title={A Greedy Algorithm to Extend the Lifetime of Randomly Deployed Directional Sensor Networks},
year={2010},
month={Dec.},
pages={1-5}}

@ARTICLE{ITK_MSN,
    author = {I. F. Akyildiz and T. Melodia and K. Chowdhury},
    title = {A {S}urvey on {W}ireless {M}ultimedia {S}ensor {N}etworks},
    journal = {Computer Networks},
    year = {2007},
    volume = {51},
    pages = {921--960}
}

@ARTICLE{HY_VSN,
 author = {Huadong Ma and Yonghe Liu},
 title = {{C}orrelation {B}ased {V}ideo {P}rocessing in {V}ideo {S}ensor {N}etworks},
 journal = {IEEE Wireless Communications},
 pages = {987--992},
 month = {June},
 year = 2005
}

@ARTICLE{HD_MSN,
 author = {Huadong Ma and Dan Tao},
 title = {{M}ultimedia {S}ensor {N}etwork and {I}ts {R}esearch {P}rogresses},
 journal = {Journal of Software},
 volume = {17},
 pages = {2013--2028},
 year = 2006
}



@inproceedings {MROI,
author  =   "M. Rahimi and R. Baer and O.I. Iroezi and J.C. Garcia and J. Warrior and D. Estrin and M. Srivastava",
title   =   "Cyclops: In Situ Image Sensing and Interpretation in Wireless Sensor Networks",
booktitle = "Proc. ACM Conf. Embedded Networked Sensor Systems",
year    =   "2005"
}

@inproceedings {HY_DSN,
author  =   "Huadong Ma and Yonghe Liu",
title   =   "{O}n {C}overage {P}roblems of {D}irectional {S}ensor {N}etworks",
booktitle = "The First Int. Conf. on Mobile Ad-hoc and Sensor Networks",
month   = "Dec.",
year    =   "2005",
pages   =   "721-731"
}

@BOOK {HMD_book,
AUTHOR  =   "D.L. Hall, J. Llinas",
TITLE   =   "Handbook of Multisensor Data Fusion, CRC Press",
YEAR    =   "2001"
}

@inproceedings {WGY_CC,
    author = "X. Wang and G. Xing and Y. Zhang and C. Lu and R. Pless and C. Gill",
    title = "Integrated coverage and connectivity configuration in wireless sensor networks",
    booktitle = "in Proc. ACM Int. Conf. Embedded Networked Sensor Systems",
    year    =   "2003",
    pages   =   "28-39"
}

@ARTICLE{YWM_DSN,
 author = {Yanli Cai and Wei Lou and Minglu Li and Xiang-Yang Li},
 title = {{E}nergy {E}fficient {T}arget-{O}riented {S}cheduling in {D}irectional {S}ensor {N}etworks},
 journal = {IEEE Transactions on Computers},
 volume = {58},
 pages = {1259--1274},
 month = {Sep.},
 year = 2009
}

@BOOK {g_book,
AUTHOR  =   "S. N. Sivanandam and S. N. Deepa",
TITLE   =   "Introduction to {G}enetic {A}lgorithms",
PUBLISHER   =  "Springer",
YEAR    =   "2008"
}

@ARTICLE{JCR_D,
    author = {J. Wang and C. Niu and R. Shen},
    title = {Priority-based {T}arget {C}overage in {D}irectional {S}ensor {N}etworks {U}sing a {G}enetic {A}lgorithm},
    journal = {Computers and Mathematics with Applications},
    year = {2009},
    volume = {57},
    pages = {1915--1922}
}

@ARTICLE{Ai06coverageby,
    author = {J. Ai and A. A. Abouzeid},
    title = {Coverage by {D}irectional {S}ensors in {R}andomly {D}eployed {W}ireless {S}ensor {N}etworks},
    journal = {Journal of Combinatorial Optimization},
    year = {2006},
    volume = {11},
    pages = {21--41}
}


@ARTICLE{Zhou_Sensor,
author = {G. Zhou and T. He and S. Krishnamurthy and J. A. Stankovic},
title = {{M}odels and {S}olutions for {R}adio {I}rregularity in {W}ireless {S}ensor {N}etworks},
journal = {ACM Transactions on Sensor Networks},
VOLUME= {2},
NUMBER= {2},
pages = "221--262",
month = "May",
year = {2006}
}

@ARTICLE{IF_Sensor,
author = {I. F. Akyildiz and W. Su and Y. Sankarasubramaniam and E. Cayirci},
title = {Wireless {S}ensor {N}etworks: {A} {S}urvey},
journal = {Computer Networks},
VOLUME= {38},
NUMBER= {4},
pages = "393--422",
month = "March",
year = {2002}
}

@MISC{Khatib96,
author = {M. Khatib},
title = {Sensor-Based Motion Control for Mobile Robots},
year = {1996}
}

@MISC{voronoi,
author = {D. Du and F. Hwang and S. Fortune},
title = {{V}oronoi {D}iagrams and {D}elaunay {T}riangulations},
booktitle = {Computing in Euclidean Geometry, World Scientific, Lecture Notes Series on Computing, Vol. 1},
year = {1992}
}

@MISC{FA_voronoi,
author = {F. Aurenhammer},
title = {{V}oronoi {D}iagrams - {A} {S}urvey of a {F}undamental {G}eometric {D}ata {S}tructure},
booktitle = {ACM Computing Surveys},
year = {1991}
}

@ARTICLE{1646898,
 author = {M. Cardei and J. Wu},
 title = {Energy-efficient {C}overage {P}roblems in {W}ireless {A}d-hoc {S}ensor {N}etworks},
 journal = {Computer Communications},
 volume = {29},
 number = {4},
 year = {2006},
 pages = {413--420},
 publisher = {Butterworth-Heinemann}
}

@inproceedings{1815419,
 author = {H. Kim and Y.-H. Han and S.-G. Min},
 title = {Maximum {L}ifetime {S}cheduling for {T}arget {C}overage in {W}ireless {S}ensor {N}etworks},
 booktitle = {Proceedings of the 6th ACM IWCMC},
 year = {2010},
 pages = {99--103},
 location = {Caen, France}
 }


@INPROCEEDINGS{5379107,
author={Y.-h. Kim and H.-J. Lee and Y.-H. Han and Y.-S. Jeong},
booktitle={IEEE 70th Vehicular Technology Conference Fall (VTC 2009-Fall)},
title={A {B}ranch and {B}ound {A}lgorithm for {E}xtending the {L}ifetime of {W}ireless {S}ensor {N}etworks},
pages={1--5},
month={20-23},
year={2009}
}


@inproceedings {JX_Cover,
author  =   "J. Chen and X. Koutsoukos",
title   =   "Survey on {C}overage {P}roblems in {W}ireless {A}d {H}oc {S}ensor {N}etworks",
booktitle=  "IEEE SouthEastCon",
month   = "March",
year    =   "2007"
}

@inproceedings {P_NNKG,
author  =   "N. Aitsaadi and N. Achir and K. Boussetta and G. Pujolle",
title   =   "{P}otential {F}ield {A}pproach to {E}nsure {C}onnectivity and {D}ifferentiated {D}etection in {WSN} {D}eployment",
booktitle=  "IEEE International Conference on Communications (ICC)",
pages   =   "1--6",
year    =   "2009"
}

@inproceedings {P_JAS,
author  =   "Jaeyong Lee and A.D. Dharne and S. Jayasuriya",
title   =   "{P}otential {F}ield {B}ased {H}ierarchical {S}tructure for {M}obile {S}ensor {N}etwork {D}eployment",
booktitle=  "American Control Conference (ACC '07)",
pages   =   "5946--5951",
year    =   "2007"
}


@BOOK {HSN_Sensor_B,
AUTHOR  =   "M. Ilyas and I. Mahgoub",
TITLE   =   "Handbook of {S}ensor {N}etworks: {C}ompact {W}ireless and {W}ired {S}ensing {S}ystems",
PUBLISHER   =  "Florida Atlantic University",
MONTH = {July},
YEAR    =   "2004"
}

@ARTICLE{SST_Sensor_J,
  AUTHOR = {C.-F. Huang and Y.-C. Tseng},
  TITLE = {A {S}urvey of {S}olutions to {T}he {C}overage {P}roblems in {W}ireless {S}ensor {N}etworks},
  JOURNAL = {Journal of Internet Technology},
  VOLUME= 6,
  NUMBER= 1,
  YEAR = 2005,
  PAGES = {1-8}
}

@ARTICLE{CON_Sensor_J,
  AUTHOR = {H. Zhang and J. C. Hou},
  TITLE = {Maintaining {S}ensing {C}overage and {C}onnectivity in {L}arge {S}ensor {N}etworks},
  JOURNAL = {International Journal of Wireless Ad Hoc and Sensor Networks},
  VOLUME= 1,
  NUMBER= {1-2},
  YEAR = 2005,
  PAGES = {89-124}
}


@ARTICLE{PSS_Sensor_J,
  AUTHOR = {S.-Y. Pyun and D.-H. Cho},
  TITLE = {Power-{S}aving {S}cheduling for {M}ultiple-{T}arget {C}overage in {W}ireless {S}ensor {N}etworks},
  JOURNAL = {IEEE Communications Letters},
  VOLUME= 13,
  NUMBER= 2,
  YEAR = 2009,
  PAGES = {130-132}
}

@ARTICLE{ESM_Sensor_J,
  AUTHOR = {J. Carle and D. Simplot-Ryl},
  TITLE = {Energy-efficient {S}rea {M}onitoring for {S}ensor {N}etworks},
  JOURNAL = {IEEE Computer},
  VOLUME= 37,
  NUMBER= 2,
  MONTH = {February},
  YEAR = 2004,
  PAGES = {40-46}
}

@ARTICLE{NTEAS_MSensor,
  AUTHOR = {N. Bartolini and T. Calamoneri and E. G. Fusco and A. Massini and S. Silvestri},
  TITLE = {Push \& {P}ull: {A}utonomous {D}eployment of {M}obile {S}ensors for a {C}omplete {C}overage},
  JOURNAL = {Wireless Netw.},
  VOLUME= 16,
  NUMBER= 3,
  MONTH = {April},
  YEAR = 2010,
  PAGES = {607-625}
}

@article{IWS_Sensor_A,
author  =   "M. Cardei and D.-Z. Du",
title   =   "Improving {W}ireless {S}ensor {N}etwork {L}ifetime through {P}ower {A}ware {O}rganization" ,
journal =   "Wireless Networks",
volume  =   "11",
number  =   "3",
year    =   "2005",
pages   =   "333-340"
}

@inproceedings {ETC_Sensor_I,
author  =   "M. Cardei and M. T. Thai and Y. Li and W. Wu",
title   =   "Energy-efficient {T}arget {C}overage in {W}ireless {S}ensor {N}etworks",
booktitle=  "IEEE Infocom",
year    =   "2005",
pages   =   "1976-1984"
}

@inproceedings{Cardei-non-uniform,
 author = {M. Cardei and Y. Yang and J. Wu},
 title = {Non-uniform {S}ensor {D}eployment in {M}obile {W}ireless {S}ensor {N}etworks},
 booktitle = {IEEE International Symposium on a World of Wireless, Mobile and Multimedia Networks (WoWMoM'08)},
 year = {2008},
 isbn = {978-1-4244-2099-5},
 pages = {1--8},
 numpages = {8},
 url = {http://dl.acm.org/citation.cfm?id=1549824.1550158},
 doi = {10.1109/WOWMOM.2008.4594823},
 acmid = {1550158},
}

@inproceedings{yong-dp,
 author = {Yong-hwan Kim and Chan-Myung Kim and Dong-Sun Yang and Young-jun Oh and Youn-Hee Han},
 title = {Regular {S}ensor {D}eployment {P}atterns for p-coverage and q-connectivity in {W}ireless {S}ensor {N}etworks},
 booktitle = {International Conference on Information Networking (ICOIN 2012)},
 year = {2012},
 isbn = {1976-7684},
 pages = {290--295},
 numpages = {6},
}

@inproceedings {MCB_Sensor_I,
author  =   "C. Wang and M. T. Thai and Y. Li and F. Wang and W. Wu",
title   =   "Minimum {C}overage {B}reach and {M}aximum {N}etwork {L}ifetime in {W}ireless {S}ensor {N}etworks",
booktitle=  "IEEE Globecom",
pages   =   "1118-1123",
year    =   "2007"
}

@ARTICLE{Wu-non-uniform,
  AUTHOR = {X. Wu and G. Chen},
  TITLE = {Avoiding {E}nergy {H}oles in {W}ireless {S}ensor {N}etworks with {N}onuniform {N}ode {D}istribution},
  JOURNAL = {IEEE Transactions On Parallel And Distributed Systems},
  VOLUME= 19,
  NUMBER= 5,
  PAGES = {710-720},
  YEAR = 2008
}

@ARTICLE{LMC_Sensor_J,
  AUTHOR = {Q. Zhao and M. Gurusamy},
  TITLE = {Lifetime {M}aximization for {C}onnected {T}arget {C}overage in {W}ireless {S}ensor {N}etworks},
  JOURNAL = {IEEE/ACM Transactions on Networking},
  VOLUME= 16,
  NUMBER= 6,
  PAGES = {94-101},
  YEAR = 2007
}

@inproceedings {ECC_Sensor_I,
author  =   "M. Lu and J. Wu and M. Cardei and M. Li",
title   =   "Energy-efficient {C}onnected {C}overage of {D}iscrete {T}argets in {W}ireless {S}ensor {N}etorks",
booktitle=  "Int. Conf. of Computer Networks and Mobile Computing (ICCNMC)",
year    =   "2005"
}

@ARTICLE{MLS_Sensor_J,
  AUTHOR = {Hai Liu and Peng-Jun Wan and Xiaohua Jia},
  TITLE = {Maximal {L}ifetime {S}cheduling for {S}ensor {S}urveillance {S}ystems with {K} {S}ensors to 1 {T}arget},
  JOURNAL = {IEEE Transactions on Parallel and Distributed Systems},
  VOLUME= 17,
  NUMBER= 12,
  MONTH = {December},
  YEAR = 2006,
  PAGES = {1526-1536}
}

@ARTICLE{MLSS_Sensor_J,
  AUTHOR = {Hai Liu and Xiaohua Jia and Peng-Jun Wan and Chih-Wei Yi and S. Kami Makki and Niki Pissinou},
  TITLE = {Maximizing {L}ifetime of {S}ensor {S}urveillance {S}ystems},
  JOURNAL = {IEEE/ACM Transactions on Networking},
  VOLUME= 15,
  NUMBER= 2,
  MONTH = {April},
  YEAR = 2007,
  PAGES = {334-345}
}

@inproceedings {CBR_Sensor_I,
author  =   "P. Bizarro and S. Babu and D. J. DeWitt and J. Widom",
title   =   "Content-{B}ased {R}outing: {D}ifferent {P}lans for {D}ifferent {D}ata",
booktitle=  "The 31st International Conference on VLDB",
pages   =   "757-768",
year    =   "2005"
}

@ARTICLE{DCT_Sensor_J,
  AUTHOR = {D. Li and K. Wong and Y. Hu and A. Sayeed},
  TITLE = {Detection, {C}lassification, {T}racking of {T}argets},
  JOURNAL = {IEEE Signal Processing Magazine},
  VOLUME= 19,
  NUMBER= 2,
  YEAR = 2002,
  PAGES = {17-29}
}

@ARTICLE{JL_Sensor_J,
  AUTHOR = {J.-H. Chang and L. Tassiulas},
  TITLE = {Maximum {L}ifetime {R}outing in {W}ireless {S}ensor {N}etwokrs},
  JOURNAL = {IEEE/ACM Transactions on Networking},
  VOLUME= 12,
  NUMBER= 4,
  YEAR = 2004,
  PAGES = {609-619}
}

@inproceedings {AM_Sensor,
author  =   "A. Alemdar and M. Ibnkahla",
title   =   "Wireless {S}ensor {N}etworks: {A}pplications and {C}hallenges",
booktitle=  "The 9th International Symposium on Signal Processing and Its Applications",
pages   =   "1--6",
month   =   "Febraury",
year    =   "2007"
}

@ARTICLE{CES_Sensor,
  AUTHOR = {D. Culler and D. Estrin and M. Srivastava},
  TITLE = {Overview of {S}ensor {N}etworks},
  JOURNAL = {IEEE Computer},
  VOLUME= 37,
  NUMBER= 8,
  MONTH = {August},
  YEAR = 2004,
  PAGES = {41-49}
}

@inproceedings {SCWY_Sensor,
author  =   "Li Shijian and Xu Congfu and Pan Weike and Pan Yunhe",
title   =   "Sensor {D}eployment {O}ptimization for {D}etecting {M}aneuvering {T}argets",
booktitle=  "The 8th International Conference on Information Fusion",
pages   =   "1629--1635",
month   =   "July",
year    =   "2005"
}

@inproceedings {SSMP_Sensor,
author  =   "S. Slijepcevic and M. Potkonjak",
title   =   "Power {E}fficient {O}rganization of {W}ireless {S}ensor {N}etworks",
booktitle=  "IEEE International Conference on Communications",
volume  =   "2",
pages   =   "472--476",
month   =   "June",
year    =   "2001"
}

@BOOK{BCM_Sensors,
  AUTHOR = {Francesco Bullo and Jorge Cortes and Sonia Martinez},
  TITLE = {Distributed {C}ontrol of {R}obotic {N}etworks: {A} {M}athematical {A}pproach to {M}otion {C}oordination {A}lgorithms},
  PUBLISHER = {Princeton University},
  MONTH = {July},
  YEAR = "2009"
}

@inproceedings {LKHP_Sensor,
author  =   "H.-J. Lee and Y. Kim and Y.-H. Han and C. Y. Park",
title   =   "Centroid-based {M}ovement {A}ssisted {S}ensor {D}eployment {S}chemes in {W}ireless {S}ensor {N}etworks",
booktitle=  "The 70th Vehicular Technology Conference Fall (VTC 2009-Fall)",
MONTH = {September},
year    =   "2009",
pages   =   "1--5"
}

@inproceedings {Clouqueur,
author  =   "T. Clouqueur and V. Phipatanasuphorn and P. Ramanathan and K. Saluja",
title   =   "Sensor {D}eployment {S}trategy for {T}arget {D}etection",
booktitle=  "The 1st ACM international workshop on WSNA",
year    =   "2002",
pages   =   "42--48"
}

@inproceedings {Howard,
author  =   "A. Howard and M. J. Mataric and G. S. Sukhatme",
title   =   "Mobile {S}ensor {N}etwork {D}elployment {U}sing {P}otential {F}ields: {A} {D}istibuted, {S}calable {S}olution to the {A}rea {C}overage {P}roblem",
booktitle=  "The 6th International Symposium on DARS02",
month   = "June",
year    =   "2002",
pages   =   "299--308"
}

@inproceedings {Poduri,
author  =   "S. Poduri and G. S. Sukhatme",
title   =   "{C}onstrained {C}overage for {M}obile {S}ensor {n}etworks",
booktitle=  "IEEE International Conference on Robotics and Automation",
month   = "May",
year    =   "2004",
pages   =   "165-172"
}

@inproceedings {Wu,
author  =   "J. Wu and S. Yang",
title   =   "{SMART}: {A} {S}can-{B}ased {M}ovement-{A}ssisted {S}ensor {D}eployment {M}ethod {I}n {W}ireless {S}ensor {N}etworks",
booktitle=  "IEEE Infocom",
month   = "March",
year    =   "2005",
pages   =   "2313--2324"
}

@inproceedings {Tan,
author  =   "G. Tan and S. A. Jarvis and A.-M. Kermarrec",
title   =   "{C}onnectivity-{G}uaranteed and {O}bstacle-{A}daptive {D}eployment {S}chemes for {M}obile {S}ensor {N}etworks",
booktitle=  "IEEE ICDCS 2008",
month   = "June",
year    =   "2008",
pages   =   "429-437"
}

@inproceedings {Wang,
author  =   "G. Wang and G. Cao and T. L. Porta",
title   =   "{M}ovement-assisted {S}ensor {D}eployment",
booktitle=  "IEEE Infocom",
month   = "March",
year    =   "2004",
pages   =   "2469-2479"
}

@inproceedings {Boukerche,
author  =   "A. Boukerche and X. Fei",
title   =   "{A} {V}oronoi {A}pproach for {C}overage {P}rotocols in {W}ireless {S}ensor {N}etworks",
booktitle=  "IEEE Globecom",
month   = "Nov.",
year    =   "2007",
pages   =   "5190-5194"
}

@ARTICLE{Heo,
  AUTHOR = {N. Heo and P. K. Varshney},
  TITLE = {Energy-{E}fficient {D}eployment of {I}ntelligent {M}obile {S}ensor {N}etworks},
  JOURNAL = {IEEE Transactions on Systems, Man, and Cybernetics - Part A: Systems and Humans},
  VOLUME= 35,
  NUMBER= 1,
  MONTH = {January},
  YEAR = 2005,
  PAGES = {78-92}
}

@inproceedings {Zhou,
author  =   "Z. Zhou and S. Wang",
title   =   "Centroid {O}ptimization {C}overage and {P}olling the {S}ets of the {C}overage {N}odes: {A}n {I}mproved {C}overage {S}cheme",
booktitle=  "International Conference on WiCOM",
month   = "Sept.",
year    =   "2006",
pages   =   "1-4"
}

@inproceedings {RKM,
author  =   "R. K. Ganti and M. Haenggi",
title   =   "Regularity in {S}ensor {N}etworks",
booktitle=  "International Zurich Seminar on Communications",
year    =   "2006",
pages   =   "186-189"
}

@inproceedings {VF,
author  =   "Y. Zou and K. Chakrabarty",
title   =   "Sensor {D}eployment and {T}arget {L}ocalization based on {V}irtual {F}orces",
booktitle=  "IEEE Infocom",
year    =   "2003",
pages   =   "1293-1303"
}

@ARTICLE{QVM,
  AUTHOR = {Qiang Du and Vance Faber and Max Gunzburger},
  TITLE = {Centroidal {V}oronoi {T}essellations: {A}pplications and {A}lgorithms},
  JOURNAL = {Society for Industrial and Applied Mathematics},
  VOLUME= 41,
  NUMBER= 1,
  MONTH = {December},
  YEAR = 1999,
  PAGES = {637-676}
}



%%%% The papaer related to introduction of mobility management

@ARTICLE{xie2,
  AUTHOR = {Jiang Xie and I.F. Akyildiz},
  TITLE = {A {N}ovel {D}istributed {D}ynamic {L}ocation {M}anagement {S}cheme for {M}inimizing {S}ignaling {C}osts in {M}obile {IP}},
  JOURNAL = {IEEE Transactions on Mobile Computing},
  VOLUME= 1,
  NUMBER= 3,
  YEAR = 2002,
  PAGES = {163-175}
}

@inproceedings {xie1,
author  =   "Jiang Xie and I.F. Akyildiz",
title   =   "A {D}istributed {D}ynamic {R}egional {L}ocation {M}anagement {S}cheme for {M}obile {IP}",
booktitle=  "Proc. of IEEE INFOCOM 2002",
year    =   "2002",
volume  = "2",
pages   =   "1069-1078"
}

@ARTICLE{jsac_han,
  AUTHOR = {Y.-H. Han and J.-H. Choi, and S.-H. Hwang},
  TITLE = {{R}eactive {H}andover {O}ptimization in {IPv6}-based {M}obile {N}ystems},
  JOURNAL = {IEEE JSAC (Journal on Selected Areas in Communications)},
  VOLUME= 24,
  NUMBER= 9,
  YEAR = 2006,
  PAGES = {1758-1772}
}

@ARTICLE{iplookup,
  AUTHOR = {B. Lampson and V. Srinivasan and G. Varghese},
  TITLE = {{IP} {L}ookups {U}sing {M}ultiway and {M}ulticolumn {S}earch},
  JOURNAL = {IEEE/ACM Transactions on Networking (TON)},
  VOLUME= 7,
  NUMBER=3,
  YEAR = 1999,
  PAGES = {324-334}
}

@ARTICLE{iplookup2,
  AUTHOR = {H. H.-Y. Tzeng and T. Przygienda},
  TITLE = {On {F}ast {A}ddress-lookup {A}lgorithms},
  JOURNAL = {IEEE Journal on Selected Areas in Communications},
  VOLUME= 17,
  NUMBER=6,
  MONTH = {June},
  YEAR = 1999,
  PAGES = {1067-1082}
}

@ARTICLE{p-mip,
  AUTHOR = {X. Zhang and J. G. Castellanos and A. T. Campbell},
  TITLE = {{P-MIP}: {P}aging {E}xtensions for {M}obile {IP}},
  JOURNAL = {ACM Mobile Networks and Applications(MONET)},
  VOLUME= 7,
  NUMBER=2,
  YEAR = 2002,
  PAGES = {127-141}
}

@ARTICLE{p-mip2,
  AUTHOR = {Y. W. Chung and D. K. Sung and A. H. Aghvami},
  TITLE = {{S}teady {S}tate {A}nalysis of {P-MIP} {M}obility {M}anagement},
  JOURNAL = {IEEE Ccommunications Letters},
  VOLUME= 7,
  NUMBER= 6,
  YEAR = 2003,
  PAGES = {278-280}
}

@ARTICLE{fmip_network,
  AUTHOR = {L. Dimopoulou, G. Leoleis, I. O. Venieris},
  TITLE = {Fast {H}andover {S}upport in a {WLAN} {E}nvironment: {C}hallenges and {P}erspectives},
  JOURNAL = {{IEEE} Network},
  VOLUME= 19,
  NUMBER=3,
  YEAR = 2005,
  MONTH = {May-June},
  PAGES = {14-20}
}

@MISC{802_21,
  AUTHOR = {{IEEE} {LAN/MAN} Draft},
  KEY = {{IEEE} {LAN/MAN} Draft},
  TITLE = {{IEEE} 802.21 {M}edia {I}ndependent {H}andover {S}ervices - {J}oint {H}armonized {C}ontribution},
  MONTH = {MAY},
  YEAR = 2005,
  URL = {http://www.ieee802.org/21/may05_meeting_docs/21-05-0271-00-0000-One_Proposal_Draft_Text}
}

@BOOK{jeong_adhoc,
  AUTHOR = {J. Jeong and J. Park and H. Kim},
  TITLE = {Auto-Networking Technologies for IPv6 Mobile Ad Hoc Networks},
  VOLUME = 3090,
  SERIES = {Lecture Notes in Computer Science},
  PUBLISHER = {Springer-Verlag},
  MONTH = {Oct.},
  YEAR = 2004
}


@ARTICLE{ieice_HHM,
  AUTHOR = {S.-H. Hwang and Y.-H. Han and S.-G. Min},
  TITLE = {Performance {A}nalysis of {IPv6} {M}obility {P}rotocols over {IEEE 802.11} {N}etwork},
  JOURNAL = {{IEICE} {T}ransaction on {C}ommunication},
  YEAR = 2004,
  VOLUME = {E87-B},
  NUMBER = {9},
  PAGES = {2613--2625},
  MONTH = {Sept.}
}

@inproceedings{multinet,
  AUTHOR = {R. Chandra and P. Bahl and P. Bahl},
  TITLE = {MultiNet: {C}onnecting to {M}ultiple {IEEE} 802.11 {N}etworks {U}sing a {S}ingle {W}ireless {C}ard},
  booktitle = {Proceedings of IEEE Infocom 2004},
  YEAR = 2004,
  MONTH = {Mar.}
}


@inproceedings { BKS:update,
author  =   "A. Bar-Noy and I. Kessler and M. Sidi",
title   =   "Mobile users: to update or not to update?",
booktitle=  "Proc. of 13th IEEE INFOCOM '94. Networking for Global Communications",
year    =   "1994",
volume  = "2",
pages   =   "570-576"
}

@ARTICLE{ Tabbane:mobile,
  author = "S. Tabbane",
  title = "Location management methods for third generation mobile systems",
  journal = "IEEE Communication Magazine",
  month = "Aug.",
  year = "1997"
}

@ARTICLE{ DAIMN,
 author = {D. Saha and A. Mukherjee and I. S. Misra and M. Chakraborty and N. Subhash},
 title = {Mobility {S}upport in {IP}: {A} {S}urvey of {R}elated {P}rotocols},
 journal = {IEEE Network},
 volume = 18,
 number = 6,
 pages = {34-40},
 month = {Nov.-Dec.},
 year = 2004
}

@inproceedings    ( smip,
author  =   "R. Hsieh and Z. G. Zhou and A. Seneviratne",
title   =   "{S-MIP}: {A} {S}eamless {H}andoff {A}rchitecture for {M}obile {IP}",
booktitle = "Proc. of INFOCOM 2003" ,
month   =   "March",
year    =   "2003" ,
pages   =   "1774-1784"
)

@inproceedings { FKG,
author  =   "N. A. Fikouras and A. J. Konsgen and C. Gorg",
title   =   "Accelerating {M}obile {IP} {H}and-offs through {L}ink-layer {I}nformation",
booktitle =  "Proc. of the International Multiconference on Measurement, Modelling, and Evaluation of Computer-Communication Systems (MMB)",
month   = "Sept.",
year    =   "2001"
}

@ARTICLE{ Survey,
 author = {I. F. Akyildiz and J. Xie and S. Mohanty},
 title = {A {S}urvey of {M}obility {M}anagement in {N}ext {G}eneration {A}ll-{IP}-{B}ased {W}ireless {S}ystems},
 journal = {IEEE Wireless Communications},
 volume = 4,
 pages = {16-28},
 month = {August},
 year = 2004
}

@ARTICLE{ FZ:mobile,
  author = {G. H. Forman and J. Zahorjan},
  month = {Apr.},
  year = 1994,
  title = {The Challenges of Mobile Computing},
  journal = {IEEE Computers},
  volume = 27,
  number = 6,
  pages = {38-47}
}

@ARTICLE{ IB:mobile,
  author = {T. Imielinski and B. R. Badrinath},
  month = {Oct.},
  year = 1994,
  title = {Wireless mobile computing: challenges in data management},
  journal = {Communication of the ACM},
  volume = 37,
  number = 10,
  pages = {18-28}
}

@inproceedings { Duc:mobile,
author  =   "D. Duchamp",
title   =   "Issues in Wirelss Mobile Computing",
booktitle=  "Proc. of 3rd IEEE Workshop on Workstation Operation Systems",
year    =   "1992",
month   =   "Apr.",
pages   =   "1-7"
}

@book       ( IK:mobile,
author  =   "T. Imielinski and H. F. Korth" ,
title   =   "Mobile Computing" ,
publisher=  "Kluwer Academic Publishers" ,
year    =   "1996"
)

@book       ( sto,
author  =   "A. Papoulis" ,
title   =   "Probability, {R}andom {V}ariables, and {S}tochastic {P}rocesses, 2nd ed." ,
publisher=  "New York: McGraw-Hill" ,
year    =   "1984"
)

@book       ( MOS:mobile,
author  =   "J. Vitek and C. Tschudin" ,
title   =   "Mobile Object Systems: Towards the Programmable Internet" ,
publisher=  "Lecture Notes in Computer Science, Springer, Heidelberg" ,
volume  =   "1222" ,
year    =   "1997"
)

@article    { AM:mobile,
author  =   "P. Morreale",
title   =   "Agents on the Move",
journal =   "IEEE Spectrum",
volume  =   "35",
number  =   "4" ,
year    =   "April 1998",
pages   =   "34-41"
}

@article    { AMD:mobile,
author  =   "L. Vasiu and Q. H. Mahmoud",
title   =   "Mobile Agents in Wireless Devices",
journal =   "IEEE Spectrum",
volume  =   "37",
number  =   "2" ,
year    =   "Feb. 2004",
pages   =   "104-105"
}

@article{ pitoura01distributed,
    author = "E. Pitoura and I. Fudos",
    title = "Distributed Location Databases for Tracking Highly Mobile Objects",
    journal = "The Computer Journal",
    volume = "44",
    number = "2",
    pages = "75-91",
    year = "2001",
}

@book       ( PS:mobile,
author  =   "E. Pitoura and G. Samaras" ,
title   =   "Data Management for Mobile Computing" ,
publisher=  "Kluwer Academic Publishers" ,
year    =   "1998"
)

@book       ( WLAN,
author  =   "edited by B. Bing" ,
title   =   "Wireless Local Area Networks: The New Wireless Revolution" ,
publisher=  "Wiley-interscience" ,
year    =   "2002"
)

@book       ( DDBS,
author  =   "M. Tamer Ozsu and Patrick Valduriez" ,
title   =   "Principles of Distributed Database Systems" ,
publisher=  "Prentice Hall" ,
year    =   "1999"
)


@article    { BFMPSX:IMT,
author  =   "K. Buchanan and R. Fudge and D. McFarlane and T. Phillips and A. Sasaki and H. Xia",
title   =   "{IMT}-2000: service provider's perspective",
journal =   "IEEE Personal Communications",
volume  =   "4",
number  =   "4" ,
year    =   "1997",
pages   =   "8-13"
}


@article    { FHVNPM:UMTS,
author  =   "G. Fleming and A. El Holiydi and J. De Vriendt and G. Nikolaidis and F. Piolini and M. Maraki",
title   =   "A flexible network architecture for UMTS",
journal =   "IEEE Personal Communications",
volume  =   "5",
number  =   "2" ,
year    =   "1998",
pages   =   "8-15"
}

@article    { AMHUW:mobility,
author  =   "I. F. Akyildiz and J. Mcnair and J. S. M. Ho and H. Uzunalioglu and W. Wang",
title   =   "Mobility Management in Next-Generation Wireless Systems",
journal =   "Proc. of the IEEE",
volume  =   "87",
number  =   "8" ,
year    =   "1999",
pages   =   "1347-1384"
}

@article    { WL,
author  =   "W. S. V. Wong and C. M. V. Leung",
title   =   "Location Management for Next-Generation Personal Communications Networks",
journal =   "IEEE Network",
month = "Sept./Oct.",
year    =   "2000",
pages   =   "18-24"
}

@book       ( KR:Internet,
author  =   "J. F. Kurose and K. W. Ross" ,
title   =   "Computer Networking : A Top-Down Approach Featuring The Internet" ,
publisher=  "Addidon Wesley" ,
year    =   "2001"
)

@book       ( Ross:Prob,
author  =   "S. M. Ross" ,
title   =   "Stochastic Processes" ,
publisher=  "Wiley",
Month   = "Jan.",
year    =   "1995"
)

@book       ( Vegesna:InternetQoS,
author  =   "S. Vegesna" ,
title   =   "IP Quality of Service" ,
publisher=  "Cisco Press",
year    =   "2000"
)

@book       ( Solomon:MobileIP,
author  =   "J. D. Solomon" ,
title   =   "Mobile IP" ,
publisher=  "Prentice Hall",
year    =   "1998"
)

@article    { Sin:QoS,
author  =   "S. Singh",
title   =   "Quality of Service Guarantees in Mobile Computing",
journal =   "Journal of Computer Communications",
volume  =   "19",
year    =   "1996",
pages   =   "359-371"
}


@article    { KMM:GPRS,
author  =   "R. Kalden, I. Meirick, M. Meyer" ,
title   =   "Wireless Internet access based on GPRS" ,
journal =   "IEEE Personal Communications" ,
volume  =   "7" ,
number  =   "2" ,
year    =   "2000" ,
month   =   "Apr." ,
pages   =   "8-18"
}


@article    { Pah:GSM,
author  =   "M. Rahnema" ,
title   =   "Overview of The {GSM} System and Protocol Architecture" ,
journal =   "IEEE Communications Magazine" ,
volume  =   "31" ,
number  =   "4" ,
year    =   "1993" ,
month   =   "Apr." ,
pages   =   "92-100"
}

@article    { AH,
author  =   "I. F. Akyildiz and J. S. M. Ho" ,
title   =   "On location management for personal communications networks" ,
journal =   "IEEE Communications Magazine" ,
volume  =   "34" ,
number  =   "9" ,
year    =   "1996" ,
month   =   "Sept." ,
pages   =   "138-145"
}

@misc{ BPT,
  author = "P. Bhagwat and C. Perkins and S. Tripathi",
  title = "Network layer mobility: An architecture and study",
  journal   =   "IEEE Personal Communications" ,
  year  =   "1996" ,
  month =   "June" ,
  pages =   "54-64"
}

@misc{ CG,
  author = "A. T. Campbell and J. Gomez",
  title = "IP Micro-Mobility Protocols",
  journal   =   "ACM SIGMOBILE Mobile Computer and Communication Review (MC2R)" ,
  year  =   "2001"
}

@article{ krishna96static,
    author = "P. Krishna and N. H. Vaidya and D. K. Pradhan",
    title = "Static and Adaptive Location Management in Mobile Wireless Networks",
    journal = "Computer Communications (special issue on Mobile Computing)",
    volume = "19",
    number = "4",
    pages   =   "321-334",
    year = "1996"
}

@misc{ valko99cellular,
  author = "A. Valko",
  title = "Cellular IP - A New ApproachtoInternet Host Mobility",
  journal = "ACM Computer Communication Review",
  year = "1999" }


@techreport{ imielinski92mobile,
  author = "T. Imielinski and B. R. Badrinath",
  title = "Mobile Wireless Computing: Solutions and Challenges in Data Management",
  publisher = "Department of Computer Science, Rutgers University, U.S.",
  year = "1992"
}

@article    ( HH,
author  =   "A. Hac and Y. Huang" ,
title   =   "Location Update and Routing Scheme for a Mobile Computing Environment" ,
journal =   "International Journal of Network Management" ,
number  =   "10" ,
year    =   "2000" ,
pages   =   "191-214"
)

@misc{ markoulidakis97mobility,
  author = "J. Markoulidakis and G. Lyberopoulos and D. Tsirkas and E. Sykas",
  title = "Mobility Modeling in Third-Generation Mobile Telecommunications Systems",
  journal =   "IEEE Personal Communications" ,
  pages   =   "41-56",
  month = "Aug.",
  year = "1997" }


@misc{ kruijt98location,
  author = "N. Kruijt and D. Sparreboom and F. Schoute and R. Prasad",
  title = "Location Management Strategies for Cellular Mobile Networks",
  journal =   "Electronics & Communication Engineering Journal" ,
  pages   =   "64-72",
  month = "April",
  year = "1998"
}

@misc{ kleinrock97mobile,
  author = "L. Kleinrock",
  title = "Nomadicity: Anytime, Anywhere in a Disconnected World",
  journal =   "Mobile Networks and Applications" ,
  volume = "1",
  number = "4",
  pages =   "351-357",
  month = "Jan.",
  year = "1997"
}

@inproceedings    ( JLLM:Forwarding,
author  =   "R. Jain and Y.-B. Lin and C. N. Lo and S. Mohan" ,
title   =   "A Forwarding Strategy to Reduce Network Impacts of {PCS}" ,
booktitle=  "INFOCOM '95. 14th Joint Conference of the IEEE Computer and Communications Societies" ,
year    =   "1995"
)


@misc{ noerpel97ieee,
  author = "A. Noerpel and Y. Lin and H. for and a Network",
  title = "IEEE Personal Communications Magazine",
  journal = "IEEE Personal Communications Magazine",
  volume = "4",
  number = "6",
  pages   =   "18-26",
  year = "1997"
}

@article    ( MJ:Two,
author  =   "S. Mohan and R. Jain" ,
title   =   "Two user location strategies for personal communication services" ,
journal =   "IEEE Personal Communications Magazine" ,
volume  =   "1" ,
number  =   "1",
year    =   "1994" ,
pages   =   "42-50"
)

@article    ( JM:Protocols,
author  =   "D.B. Johnson and D.A. Maltz" ,
title   =   "Protocols for adaptive wireless and mobile networking" ,
journal =   "IEEE Personal Communications Magazine" ,
volume  =   "3" ,
number  =   "1",
year    =   "1996"
)

@inproceedings    ( SW:replication ,
author  =   "N. Shirakumar and J. Widom" ,
title   =   "User profile replication for faster location lookup in mobile environments" ,
booktitle = "Proc. of the First ACM International Conference on Mobile Computing and Networking (Mobicom 95)" ,
year    =   "1995" ,
month   =   "Oct."
)

@inproceedings    ( JLSWC:flexible ,
author  =   "J. Jannick and D. Lam and N. Shivakumar and J. Widom and D. Cox" ,
title   =   "Efficient and flexible location management techniques for wireless communication systems" ,
booktitle = "Proc. of the First ACM International Conference on Mobile Computing and Networking (Mobicom 96)" ,
year    =   "1996"
)

@inproceedings    ( LCCW:lifelong ,
author  =   "D. Lam and Y. Cui and D. Cox and J. Widom" ,
title   =   "A location management technique to support lifelong numbering in personal communications services" ,
booktitle = "Proc. of the Global Telecomm Conference (GlobeComm 97)" ,
year    =   "1997",
volume  =   "2",
pages   =   "704-710"
)

@article    ( LM:prediction96,
author  =   "G. Liu and Maguire, Jr, G." ,
title   =   "A Class of Mobile Motion Prediction Algorithms for Wireless
             Mobile Computing and Communications" ,
journal =   "Mobile Networks and Applications" ,
volume  =   "1" ,
year    =   "1996" ,
pages   =   "113-121"
)

@inproceedings    ( LM:prediction95,
author  =   "G. Liu and Maguire, Jr, G." ,
title   =   "A predictive mobility management algorithm for wireless
             mobile computing and communications" ,
booktitle=  "IEEE 4th Int'l Conf. on Universal Personal Communcations" ,
year    =   "1995" ,
pages   =   "268-272"
)

@inproceedings    ( LBC:prediction97,
author  =   "T. Liu and P. Bahl and I. Chlamtac" ,
title   =   "An Optimal Self-learning Estimator for Predicting Inter-cell
             User Trajectory in Wireless Radio Networks" ,
booktitle=  "IEEE 6th Int'l Conf. on Universal Personal Communcations" ,
year    =   "1997" ,
pages   =   "438-442"
)

@article    ( LBC:prediction98,
author  =   "T. Liu and P. Bahl and I. Chlamtac" ,
title   =   "Mobility Modeling, Location Tracking, and Trajectory Prediction
             in Wireless ATM Networks" ,
journal =   "IEEE Journal on Selected Areas in Communications" ,
volume  =   "16" ,
number  =   "6" ,
year    =   "1998" ,
month   =   "Aug." ,
pages   =   "922-936"
)

@article    ( CIP,
author  =   "A. Campbell and J. Gomez and S. Kim and A. Valko and C. Wan and Z. Turanyi" ,
title   =   "Design, {I}mplementation, and {E}valuation of {C}ellular {IP}" ,
journal =   "IEEE Personal Communication" ,
volume  =   "7" ,
year    =   "2000" ,
pages   =   "42-49"
)

@article    ( HAWAII,
author  =   "R. Ramjee and T. La Porta and L. Salgarelli and S. Thuel and K. Varadhan and L. Li" ,
title   =   "{IP}-based {A}ccess {N}etwork {I}nfrastructure for {N}ext-generation {W}ireless {D}ata {N}etworks" ,
journal =   "IEEE Personal Communication" ,
volume  =   "7" ,
year    =   "2000" ,
pages   =   "34-41"
)

@article    ( MM,
author  =   "A. Helmy and M. Jaseemuddin and G. Bhaskara" ,
title   =   "Multicast-based {M}obility:{A} {N}ovel {A}rchitecture for {E}fficient {M}icro-mobility" ,
journal =   "IEEE Journal on Selected Areas in Communications (JSAC), Special Issue on All-IP Wireless Networks" ,
volume  =   "22" ,
number  =   "4" ,
year    =   "2004" ,
month   =   "May" ,
pages   =   "677-690"
)

@inproceedings    ( LBC:position-prediction,
author  =   "T. Liu and P. Bahl and I. Chlamtac" ,
title   =   "A Hierarchical Position-Prediction Algorithm for Efficient
             Management of Resources in Cellular Networks" ,
booktitle =   "Proc. of 1997 IEEE GLOBECOM" ,
year    =   "1997" ,
pages   =   "982-986"
)

@inproceedings    ( CS:prediction,
author  =   "J. Chan and A. Seneviratne" ,
title   =   "A Practical User Mobility Prediction Algorithm for Supporting
             Adaptive {QoS} in Wireless Networks" ,
booktitle=  "Proc. of IEEE Int'l Conf. on Networks (ICON '99)" ,
year    =   "1999" ,
month   =   "Sep." ,
pages   =   "104-111"
)

@inproceedings    ( CZS:prediction,
author  =   "J. Chan and S. Zhou and A. Seneviratne" ,
title   =   "A {QoS} Adaptive Mobility Prediction Scheme for Wireless Networks" ,
booktitle=  "Proc. of 1999 IEEE GLOBECOM" ,
year    =   "1998" ,
month   =   "Nov." ,
pages   =   "1414-1419"
)

@inproceedings    ( GPYH:prediction,
author  =   "J. Gil and C. Y. Park and K. W. Yang and C.-S. Hwang" ,
title   =   "An Efficient Mobility Management by Prediction of User Mobility in Mobile Computing Environments" ,
booktitle=  "Proc. of the Communication Networks and Distributed Systems Modeling and Simulation" ,
year    =   "1999" ,
month   =   "Jan." ,
pages   =   "71-76" ,
organiztion = "SCS"
)

@book       ( Opp:travel,
author  =   "N. Oppenheim" ,
title   =   "Urban Travel Modeling" ,
publisher=  "A Wiley-Interscience Publication" ,
year    =   "1994"
)

@book       ( JSM:neuro-fuzzy,
author  =   "J.-S. R. Jang and C.-T. Sun and E. Mizutani" ,
title   =   "Neuro-Fuzzy and Soft Computing" ,
publisher=  "Prentice-Hall" ,
year    =   "1997"
)

@book       ( Wang:fuzzy-book,
author  =   "L. X. Wang" ,
title   =   "Adaptive Fuzzy Systems and Control: Design and Stability Analysis" ,
publisher=  "Prentice-Hall" ,
year    =   "1994"
)

@inproceedings  ( NHW:descent-method,
author  =   "H. Nomura and I. Hayashi and N. Wakami" ,
title   =   "A Learning Method of Fuzzy Inference Rules by Descent Method" ,
booktitle=  "Proc. of the IEEE Int'l Conf. on Fuzzy Systems" ,
year    =   "1992" ,
pages   =   "203-210"
)

%%%% The papaer related to faiure restoriation of location databases
@article    ( Lin:failure,
author  =   "Y.-B. Lin" ,
title   =   "Failure Restoration of Mobility Databases for Persoanl Communication
             Networks" ,
journal =   "ACM-Baltzer Journal of Wireless Networks" ,
volume  =   "1" ,
number  =   "3" ,
year    =   "1995" ,
pages   =   "365-372" ,
)

@inproceedings  ( CCL:failure,
author  =   "S.-C. Chen and M.-F. Chang and Y.-B. Lin" ,
title   =   "Fault Tolerance of {PCS} Mobility Databases" ,
booktitle=  "Proc. of Sixth Int'l Conf. on Computer Communication and Networks" ,
year    =   "1997" ,
month   =   "Sep." ,
pages   =   "542-547"
)

@article    ( WTC:failure,
author  =   "Tsan-Pin Wang and Chien-Chao Tseng and Wen-Kuang Chou" ,
title   =   "An Aggressive Approach to Failure Restoration of {PCS} Mobility
             Databases" ,
journal =   "Mobile Computing and Communication Review" ,
volume  =   "1" ,
number  =   "3" ,
year    =   "1997" ,
month   =   "September" ,
pages   =   "21-28" ,
)

@inproceedings  ( FCF:failure,
author  =   "Y. Fang and I. Chlamtac and H.-B. Fei" ,
title   =   "Optimal Location Update Scheme to Combat Database Failure
             for {PCS} Networks" ,
booktitle=  "Proc. of the IEEE Global Telecommunication Conf." ,
year    =   "1998" ,
month   =   "November" ,
pages   =   "2566-2571"
)

@inproceedings  ( optiMobileIP,
author  =   "J. Xie and I. F. Akyildiz" ,
title   =   "{A}n {O}ptimal {L}ocation {M}anagement {S}cheme for {M}inimizing {S}ignaling {C}ost in {M}obile {IP}" ,
booktitle=  "Proc. of IEEE International Conference on Communications (ICC)" ,
year    =   "2002" ,
month   =   "April" ,
volume  =   "5",
pages   =   "3313-3317"
)


@ARTICLE{ NOVEL,
 author = {J. Xie and I. F. Akyildiz},
 title = {A {N}ovel {D}istributed {D}ynamic {L}ocation {M}anagement {S}cheme for {M}inimizing {S}ignaling {C}osts in {M}obile {IP}},
 journal = {IEEE Transactions on Mobile Computing},
 volume = 1,
 number = 3,
 pages = {163-175},
 month = {Jul.-Sep.},
 year = 2002
}

@inproceedings  ( HL:failure-c,
author  =   "Z. Hass and Y.-B. Lin",
title   =   "On optimizing the location update costs in presence
             of database faiures" ,
booktitle=  "Proc. of the IEEE Int'l Smposium on Personal, Indoor, and Mobile
             Radio Couunications" ,
year    =   "1998" ,
month   =   "August" ,
pages   =   "650-6541"
)

@article    { HL:failure-j,
author  =   "Z. Hass and Y.-B. Lin" ,
title   =   "On optimizing the location update costs in presence
             of database faiures" ,
journal =   "ACM/Baltzer Wirless Networks Journal" ,
volume  =   "4" ,
number  =   "5" ,
pages   =   "419-426" ,
year    =   "1998"
}

@inproceedings  { Jain:cache,
author  =   "R. Jain and F. Anjum" ,
title   =   "Caching in hierarchical user location databases for {PCS}" ,
booktitle=  "Proc. of 1999 IEEE International Conference on Personal Wireless Communication (ICPWC'99)" ,
pages    =  "496-500",
year    =   "1999"
}


@inproceedings  { HL:failure99,
author  =   "Z. Hass and Y.-B. Lin" ,
title   =   "Demand Re-registration for {PCS} Database Restoration" ,
booktitle=  "Proc. of Military Communication Conf." ,
year    =   "1999" ,
month   =   "November" ,
pages   =   "887-892"
}

@article    ( CLS:failure,
author  =   "M.-F. Chang and Y.-B. Lin and S.-C. Su" ,
title   =   "Improving the Fault Tolerance of {GSM} Newtorks" ,
journal =   "IEEE Network" ,
volume  =   "1" ,
number  =   "12" ,
year    =   "1998" ,
month   =   "Jan,-Feb." ,
pages   =   "58-63" ,
)

@inproceedings  ( BV:failure,
author  =   "S. Biaz and N. H. Vaidya",
title   =   "Tolerating Visitor Location Register Failures in Mobile Computing" ,
booktitle=  "17th IEEE Simposium on Reliable Distributed Systems" ,
year    =   "1998" ,
month   =   "Oct." ,
pages   = "109-117"
)

@techreport ( BV:failure-TR,
author  =   "S. Biaz and N. H. Vaidya" ,
title   =   "Tolerating Location Register Failures in Mobile Environments" ,
institution=    "Texas A{\&}M University" ,
type    =   "Technical Report" ,
number  =   "97-015" ,
year    =   "1997" ,
)

@inproceedings  {GMW:failure,
author  =   "D. Ghosal and G. Meempat and T.-H. Wu" ,
title   =   "Performance and Fault-Tolerance Analysis of a Replicated {HLR}
             Placement Strategy in a Broadband Signaling Transport Network" ,
booktitle=  "IEEE 1998 Int'l Conf. on Univeral Personal Communications ({ICUPC}'98)" ,
year    =   "1998" ,
month   =   "Oct." ,
pages   =   "745-749"
}

@inproceedings  {KCS:failure,
author  =   "G. Krishnamurthi and S. Chessa and A. K. Somani" ,
title   =   "Fast Recovery Protocol for Database and Link Failures in Mobile Networks" ,
booktitle=  "Proc. of 7th Int'l Conf. on Computer Communications and Networks",
year    =   "1998" ,
month   =   "Oct." ,
pages   =   "32-39"
}

%%%% The paper related to traffic
@article    ( LCW:teletraffic,
author  =   "D. Lam and D. C. Cox and J. Widom" ,
title   =   "Teletraffic Modeling for Personal Communications Services" ,
journal =   "IEEE Comm. Mag. Special Section on Teletraffic Modeling" ,
volume  =   "35" ,
number  =   "2" ,
year    =   "1997" ,
month   =   "Feb." ,
pages   =   "79-87"
)

%%%% The paper related to location management

@inproceedings{ wan97dynamic,
    author = "Guang Wan and Eric C. Lin",
    title = "A Dynamic Paging Scheme for Wireless Communication Systems",
    booktitle = "Mobile Computing and Networking (MOBICOM97)",
    pages = "195-203",
    year = "1997",
    location=   "Budapest Hungary"
}

@article{ yates96analysis,
    author = "R. Yates and C. Rose and S. Rajagopalan and B. R. Badrinath",
    title = "Analysis of a Mobile-Assisted Adaptive Location Management Strategy",
    journal = "Mobile Networks and Applications",
    volume = "1",
    number = "2",
    pages = "105-112",
    year = "1996"
}

@techreport ( IS-41C,
author  =   "EIA/TIA" ,
title   =   "Cellular Radio-Telecommunications Intersystems Operations" ,
institution=    "EIA/TIA" ,
type    =   "Technical Report" ,
number  =   "IS-41 Revision C" ,
year    =   "1995"
)

@techreport ( IS-41.3-B,
author  =   "EIA/TIA" ,
title   =   "Cellular Radio-Telecommunications Intersystems Operations: Automatic Roaming" ,
institution=    "EIA/TIA" ,
type    =   "Technical Report" ,
number  =   "IS-41.3-B" ,
year    =   "1991"
)

@techreport ( GSM:restoration,
author  =   "ETSI/TC" ,
title   =   "Restoration Procedures, Version 4.2.0" ,
institution=    "ETSI/TC" ,
type    =   "Technical Report Recommandation" ,
number  =   "GSM 03.07" ,
year    =   "1993" ,
)

@article    ( AH:location,
author  =   "I. F. Akyildiz and J. S. M. Ho" ,
title   =   "A Mobile User Location Update and Paging Mechanism Under Delay
             Constraints" ,
journal =   "Computer Communication Review" ,
volume  =   "25" ,
number  =   "4" ,
year    =   "1995" ,
month   =   "Oct." ,
pages   =   "244-255"
)

@article    ( AP:tracking,
author  =   "B. Awerbuch and D. Peleg" ,
title   =   "Online Tracking of Mobile Users" ,
journal =   "Journal of ACM" ,
volume  =   "42" ,
number  =   "5" ,
year    =   "1995" ,
month   =   "Sep." ,
pages   =   "1021-1058"
)



@article    ( NK:tracking,
author  =   "A. {Bar-Noy} and I. Kessler" ,
title   =   "Tracking Mobile Users in Wireless Communication Networks" ,
journal =   "IEEE Trans. on Information Theory" ,
volume  =   "39" ,
number  =   "6" ,
year    =   "1995" ,
month   =   "Nov." ,
pages   =   "1877-1886"
)

@article    ( NKS:update,
author  =   "A. {Bar-Noy} and I. Kessler and M. Sidi" ,
title   =   "Mobile Users: To Update or Not To Update" ,
journal =   "Wireless Networks" ,
volume  =   "1" ,
number  =   "2" ,
year    =   "1995" ,
month   =   "Feb." ,
pages   =   "175-185"
)

@article    ( MHS:tracking,
author  =   "U. Madhow and M. L. Honing and K. Steiglitz" ,
title   =   "Optimization of Wireless Resources for Personal Communications
             mobility Tracking" ,
journal =   "IEEE/ACM Trans. on Networking" ,
volume  =   "3" ,
number  =   "6" ,
year    =   "1995" ,
month   =   "Dec." ,
pages   =   "698-707"
)

@inproceedings    ( SK:location,
author  =   "J. Scourias and T. Kunz" ,
title   =   "A Dynamic Individualized Location Management Algorithm" ,
booktitle = "Proc. of the 8th IEEE Int'l Symposium on Personal, Indoor,
             and Mobile Radio Communications",
year    =   "1997" ,
month   =   "Sep." ,
pages   =   "1004-1008"
)

@inproceedings    ( HJM:cache,
author  =   "H. Harjono, R. Jain, and S. Mohan" ,
title   =   "Analysis and simulation of a cache-based auxiliary user location strategy for {PCS}" ,
booktitle = "Proc. of 1994 International Conference on Networks for Personal Communications",
year    =   "1994" ,
month   =   "March"
)

@inproceedings    ( RMR:cache,
author  =   "K. Ratnam and I. Matta and S. Rangarajan" ,
title   =   "Analysis of caching-based location management in personal communication networks" ,
booktitle = "Proc. of the International Conference on Network Protocols (ICNP)",
year    =   "1999"
)

@article    ( Tab:tracking,
author  =   "S. Tabbane" ,
title   =   "An Alternative Strategy for Location Tracking" ,
journal =   "IEEE Journal on Selected Areas in Communications" ,
volume  =   "13" ,
number  =   "5" ,
year    =   "1995" ,
month   =   "June" ,
pages   =   "880-892"
)

@article    ( JLSWC:location ,
author  =   "J. Jannink and D. Lam and N. Shivakumar and J. Widdom and D. Cox" ,
title   =   "Efficient and Flexible Location Management Techniques for
             Wireless Communication System" ,
journal =   "ACM/Baltzer Wirelss Networks" ,
volume  =   "3" ,
number  =   "5" ,
year    =   "1997" ,
pages   =   "361-334"
)

@article    ( KVP:location ,
author  =   "P. Krishna and N. Vaidya and D. Pardhan" ,
title   =   "Static and Adaptive Location Management in Mobile Wireless Networks" ,
journal =   "Computer Communications" ,
volume  =   "19" ,
number  =   "4" ,
year    =   "1996" ,
month   =   "Apr." ,
pages   =   "321-334"
)


@article    ( Tabbane:alternative ,
author  =   "S. Tabbane" ,
title   =   "An alternative strategy for location tracking" ,
journal =   "IEEE Journal on Selected Area" ,
volume  =   "13" ,
number  =   "5" ,
year    =   "1995" ,
month   =   "June" ,
pages   =   "880-892"
)


@article    ( Lin:tracking,
author  =   "Y.-B. Lin",
title   =   "Location tracking with distributed HLRs and pointer forwarding",
journal =   "IEEE Transactions on Vehicle Technology",
volume  =   "47" ,
number  =   "1" ,
year    =   "1998",
pages   =   "58-64"
)

@article    ( yjif,
author  =   "Y.-J. Lee and I. F. Akyildiz",
title   =   "A {N}ew {S}cheme for {R}educing {L}ink and {S}ignaling {C}osts in {M}obile {IP}",
journal =   "IEEE Transactions on Computers",
volume  =   "52",
number  =   "6",
month   =   "June",
year    =   "2003",
pages   =   "706-713"
)

@inproceedings    ( SY:IPv6,
author  =   "S. Pack and Y. Choi" ,
title   =   "Performance {A}nalysis of {H}ierarchical {M}obile {IPv6} in {IP}-based {C}ellular {N}etworks" ,
booktitle=  "Proc. of IP-Based Cellular Networks (IPCN) Conference" ,
year    =   "2003"
)


@inproceedings    ( xpcosta,
author  =   "X. Perez-Costa and M. Torrent-Moreno and H. Hartenstein",
title   =   "A {P}erformance {C}omparison of {M}obile {IPv6}, {H}ierarchical {M}obile {IPv6}, {F}ast {H}andovers for {M}obile {IPv6} and {T}heir {C}ombination",
booktitle=  "ACM SIGMOBILE Mobile Computing and Communications Review",
pages   =   "5-19",
Volume  =   "7",
Nomber  =   "4",
month   =   "Oct.",
year    =   "2003"
)


@inproceedings  { adaptive:IPv6,
author  =   "S.-H. Hwang and B.-K. Lee and Y.-H. Han and C.-S. Hwang" ,
title   =   "An {A}daptive {H}ierarchical {M}obile {IPv6} with {R}oute {o}ptimization" ,
booktitle = "Proc. of the 57th IEEE VTC 2003-Spring",
volume  =   "3",
month   =   "April",
year    =   "2003",
pages   =   "1502-1506"
}


@article    ( RY:modeling,
author  =   "R. Jain and Y.-B. Lin",
title   =   "Performance modeling of an auxiliary user location strategy in a {PCS} network",
journal =   "ACM/Baltzer Wirelss Networks",
year    =   "1995",
pages   =   "197-210"
)

@article    ( ALLC:modeling,
author  =   "I. F. Akyildiz and Y.-B. Lin and W.-R. Lai and R.-J. Chen",
title   =   "A {N}ew {R}andom {W}alk {M}odel for {PCS} {N}etworks",
journal =   "IEEE Journal on Selected Areas in Communications",
volume  =   "18" ,
number  =   "7" ,
month   =   "July",
year    =   "2000",
pages   =   "1254-1260"
)

@article    ( RY:paging,
author  =   "C. Rose and R. Yates",
title   =   "Minimizing average delay of paging under delay constraint",
journal =   "Wireless Networks",
month   =   "Oct.",
year    =   "1995"
)


@article    ( Lin:Reducing,
author  =   "Y.-B. Lin",
title   =   "Reducing {L}ocation {U}pdate {C}ost in a {PCS} {N}etwork",
journal =   "ACM/Baltzer Wirelss Networks",
volume  =   "5",
number  =   "1",
year    =   "1997",
pages   =   "25-33"
)

@techreport{ MBA:paging,
  author = "S. Madhavapeddy and K. Basu and A. Roberts",
  title = "Adaptive paging algorithms for cellular systems",
  institution = "Bell Northern Research, Richardson, TX",
  year = "1994"
}


@inproceedings { AH:paging,
author  =   "I. Akyildiz and J. Ho",
title   =   "A mobile user location update and paging mechanism under delay constraints",
booktitle=  "ACM SIGCOMM'95",
page = "244--255",
year    =   "1995"
}

%%%% The paper realted to mobility modeling


@inproceedings { FC,
author  =   "Y. Fang and I. Chlamtac",
title   =   "Modeling for roaming in {PCS} networks",
booktitle=  "Proc. of Global Telecommunications Conference",
volume = "2",
year    =   "1997",
month   =   "Nov.",
page = "725-729"
}

@inproceedings { TGM:modeling,
author  =   "R. Thomas and H. Gilbert and G. Mazziotto",
title   =   "Influence of the movement of mobile station on the performance of the radio cellular network",
booktitle=  "Proc. of 3rd Nordic Seminar",
year    =   "1988",
month   =   "Sep.",
location=   "Copenhagen"
}

@article    ( HR:modeling,
author  =   "S. J. Kim and C. Y. Lee" ,
title   =   "Modeling and analysis of the dynamic location registration and paging in microcellular systems" ,
journal =   "IEEE Trans. on Vehicular Technology" ,
volume  =   "45" ,
number  =   "1" ,
year    =   "1996" ,
month   =   "Feb.",
pages   =   "82-90"
)

@article    ( HR:modeling,
author  =   "D. Hong and S. S. Rappaport" ,
title   =   "Traffic Model and Performance Analysis for Cellular Mobile
             Radio Telephone Systems with Prioritized and Non-Prioritized
             Handoff Procedure" ,
journal =   "IEEE Trans. on Vehicular Technology" ,
volume  =   "35" ,
number  =   "3" ,
year    =   "1986" ,
month   =   "Aug.",
pages   =   "77-91"
)

@article    ( ZD:modeling,
author  =   "M. M. Zonoozi and P. Dassanayake" ,
title   =   "User Mobility Modeling and Characterization of Mobility Patterns" ,
journal =   "IEEE Journal on Selected Areas in Communications" ,
volume  =   "15" ,
number  =   "7" ,
year    =   "1997" ,
month   =   "Sep." ,
pages   =   "1239-1252"
)

@inproceedings    ( Soh:modeling ,
author  =   "K. Sohraby" ,
title   =   "Mobility Calculus in Celluar Wireless Networks" ,
booktitle = "Proc. of IEEE Int'l Conf. on Communications" ,
year    =   "1996" ,
month   =   "June" ,
pages   =   "1258-1262"
)

@article    ( ARY:modeling,
author  =   "J. B. Andersen and T. S. Rappaport and S. Yoshida" ,
title   =   "Propagation Measurements and Models for Wireless Communications Channels" ,
journal =   "IEEE Communications Magazine" ,
volume  =   "33" ,
number  =   "1" ,
year    =   "1995" ,
month   =   "Jan." ,
pages   =   "42-49"
)

@inproceedings    ( CSTV:modeling,
author  =   "P. Camarda and G. Schiraldi and F. Talucii and R. Valla" ,
title   =   "Cellular Communication Mobility Model for a Finite Multiclass Population
             of Users" ,
booktitle = "Proc. of IEEE the 47th Vehicular Technology Conf." ,
year    =   "1997" ,
month   =   "Apr."
)

@inproceedings    ( JZH:modeling,
author  =   "B. Jabbari and Y. Zhou and F. Hillier" ,
title   =   "Random Walk Modeling of Mobility in Wireless Networks" ,
booktitle = "Proc. of IEEE the 48th Vehicular Technology Conf." ,
year    =   "1998" ,
month   =   "May" ,
pages   =   "639-643"
)

@inproceedings    ( JZH:modeling99,
author  =   "B. Jabbari and Y. Zhou and F. Hillier" ,
title   =   "Simple Random Walk Models for Wireless Terminal Movements" ,
booktitle = "Proc. of IEEE the 49th Vehicular Technology Conf." ,
year    =   "1999" ,
month   =   "May" ,
pages   =   "1784-1788"
)

@article    ( Rap:modeling93,
author  =   "S. S. Rappaport" ,
title   =   "Blocking, Hand-off and Traffic Performance for Cellular Communication Systems with Mixed Platforms" ,
journal = "IEE Proceedings-I" ,
volume  = "140",
number  = "5",
year    = "1993" ,
month   = "Oct." ,
pages   = "389-401"
)

@article     ( lowlatency2,
author  =   "G. Kim and C. Kim" ,
title   =   "Low-latency {N}on-predictive {H}andover {S}cheme in {M}obile {IPv6} {E}nvironments" ,
journal=  "Lecture Notes in Computer Science, Springer, Heidelberg" ,
volume  =   "3260" ,
pages   =   "451-465",
year    =   "2004"
)



@inproceedings  {RMS:simulation,
author  =   "M. N. Rocha and G. R. Mateus and S. L. Silva" ,
title   =   "A Comparision Between Location Updates and Location Area Paging
             for Mobile Unit Tracking Simulation in Wireless Communication Systems" ,
booktitle = "Proc. of the 3rd Int'l Workshop on Discrete Algorithms and Methods
             for Mobile Computing and Communications" ,
year    =   "1999" ,
month   =   "Aug." ,
pages   =   "72-77"
}

@BOOK{  Dev,
  author = {Jay L. Devore},
  year = 1995,
  title = {Probability and Statistics for Engineering and the Sciences},
  publisher = {Duxbury Press}
}

%%%% The paper realted to resource reservation
@article    ( LAN:resource ,
author  =   "D. Levine and I. Akyildiz and M. Naghshineh" ,
title   =   "A Resource Estination and Call Admission Algorithms for Wireless
             Multimedia Networks Using the Shadow Cluster Concept" ,
journal =   "IEEE/ACM Trans. on Networking" ,
volume  =   "5" ,
number  =   "1" ,
year    =   "1997" ,
month   =   "Feb." ,
pages   =   "1-12"
)

@inproceedings  { RA:resource ,
author  =   "M. Riera and J. Aspas" ,
title   =   "Variable Channel Reservation Mechanism for Wireless Networks with
             Mixed Types of Mobility Platforms" ,
booktitle = "Proc. of the 48th IEEE Vehicular Technology Conf." ,
year    =   "1998" ,
month   =   "May" ,
pages   =   "1259-1263"
}

@article    ( OKT:resource ,
author  =   "C. Oliveira and J. Kim and T. Suda" ,
title   =   "An Adaptive Bandwidth Reservation Scheme for High-speed Multimeda
             Wireless Networks" ,
journal =   "IEEE Journal on Selected Areas in Communications" ,
volume  =   "16" ,
number  =   "6" ,
year    =   "1998" ,
month   =   "Aug." ,
pages   =   "858-874"
)

@article    ( CC:resource ,
author  =   "K. C. Chua and S. Y. Choo" ,
title   =   "Probabilistic Channel reservation Scheme for Mobile Pico/Microcellular
             Networks" ,
journal =   "IEEE Communication Letters" ,
volume  =   "2" ,
number  =   "7" ,
year    =   "1998" ,
month   =   "July" ,
pages   =   "195-196"
)

@article    ( YHHAN_Letters ,
author  =   "Y.-H. Han and S.-H. Hwang" ,
title   =   "Movement {D}etection {A}nalysis in {M}obile IPv6" ,
journal =   "IEEE Communication Letters" ,
volume  =   "10" ,
number  =   "1" ,
year    =   "2006" ,
month   =   "Jan." ,
pages   =   "59-61"
)

%%%% The paper realted to multi-level mobility databases

@article    ( HA:multiDB ,
author  =   "J. S. M. Ho and I. F. Akyildiz" ,
title   =   "Dynamic Hierarchical Database Architecture for Location Management in
             {PCS} Networks" ,
journal =   "IEEE/ACM Trans. on Networking" ,
volume  =   "5" ,
number  =   "5" ,
year    =   "1997" ,
month   =   "Oct." ,
pages   =   "646-660"
)

@article    ( Wang:multiDB ,
author  =   "J. Z. Wang" ,
title   =   "A fully Distributed Location Registration Strategy for Universal Personal
             Communication Systems" ,
journal =   "IEEE/ACM Journal of Selected Areas Commun." ,
volume  =   "11" ,
year    =   "1993" ,
month   =   "Aug." ,
pages   =   "850-860"
)

@inproceedings  { BIV:multiDB ,
author  =   "B. R. Badrinath and T. Imielinski and A. Virmani" ,
title   =   "Locating Strategies for Personal Communication Network" ,
booktitle = "Proc. of Workshop Networking of Personal Communications Applications" ,
year    =   "1992" ,
month   =   "Dec."
}

@article    ( Per:MobileIP ,
author  =   "Perkins" ,
title   =   "Mobile {IP}" ,
journal =   "IEEE Commun. Mag." ,
volume  =   "35" ,
year    =   "1996" ,
month   =   "May" ,
pages   =   "84-99"
)


@inproceedings  { ZW:3-lvel ,
author  =   "Z. Jian and W. Jing" ,
title   =   "3-level Database Hierarchy for Location Management in {PCS} Networks" ,
booktitle = "Proc. of International Conference on Communication
Technology(ICCT'98)" ,
year    =   "1998" ,
}

@article    ( VHMV:Optimmization,
author  =   "V. Anantharam, H. L. Hoing, U. Madow, and V. K. Wei",
title   =   "Optimization of a database hierarchy for mobility tracking in a personal communications network" ,
journal =   "Performance Evaluation" ,
volume  =   "20",
year    =   "1994" ,
pages   =   "287--300"
)

@inproceedings  { EI:Mobile,
author  =   "E. Pitoura and I. Fudos" ,
title   =   "An Efficient Hierarchical Scheme for Locating Highly Mobile Users" ,
booktitle = "Proc. of the 6th ACM International Conference on Information and Knowledge Management (CIKM98)",
year    =   "1998",
pages   =   "218--225"
}

@inproceedings  { NA:profile,
author  =   "N. Adly and A. El-Nahas" ,
title   =   "A profile-based hierarchical location management scheme for future {PCS}" ,
booktitle = "Proc. of International Workshop on Database and Expert Systems Applications",
year    =   "2000",
}

@article    { MFPA:Locating,
author  =   "M. V. Steen and F. J. Hauck and P. Homburg and A. S. Tanenbaum",
title   =   "Locating Objects in Wide-Area Systems" ,
journal =   "IEEE Commnication Magazine" ,
volume  =   "2",
number  =   "7",
year    =   "1998"
}

@inproceedings  { KIS:fully,
author  =   "K. Ratnam, I. Matta, S. Rangarajan" ,
title   =   "A fully distributed location management scheme for large {PCS}" ,
booktitle = "Proc. of the 5th IEEE Symposium on Computers and Communications(ISCC 2000)",
year    =   "2000",
pages   =   "514--519"
}

%%%% Caching realated papers

@article    { RYCS:caching ,
author  =   "R. Jain and Y.-B. Lin and C. N. Lo and S. Mohan" ,
title   =   "A caching strategy to reduce network impacts of {PCS}" ,
journal =   "IEEE Journal of Selected Areas in Communications" ,
volume  =   "12",
number  =   "8",
year    =   "1999" ,
pages   =   "1434-1445"
}

@article    ( Lin:caching ,
author  =   "Y.-B. Lin" ,
title   =   "Determining the User Locations for Personal Communications Services Networks" ,
journal =   "IEEE Transactions on Vehicular Technology" ,
volume  =   "43" ,
number  =   "3" ,
year    =   "1994" ,
pages   =   "466-473"
)

@inproceedings    ( RF:caching,
author  =   "R. Jain and F. Anjum",
title   =   "Caching in  hierarchical user location databases for {PCS}",
booktitle = "Proc. of the IEEE International Conference on Personal Wireless Communication" ,
year    =   "1999" ,
pages   =   "496-500"
)

%%%% Mobile-IP related

@article (Perkins:IPv4,
author = "C. E. Perkins (Ed.)",
title = "{IP} {M}obility {S}upport for {IPv4}",
journal = "{IETF} {RFC} 3344" ,
month = "August",
year = "2002"
)

@article    ( WC-IPv6,
author  =   "D. G. Waddington and F. Chang" ,
title   =   "{R}ealizing the {T}ransition to {IPv6}" ,
journal =   "IEEE Communications Magazine" ,
volume  =   "40" ,
number  =   "6" ,
month   =   "June",
year    =   "2002" ,
pages   =   "138-147"
)

@inproceedings    ( PC-HMIPv6,
author  =   "S. Pack and Y. Choi",
title   =   "Performance {A}nalysis of {H}ierarchical {M}obile {IPv6} in {IP}-based {C}ellular {N}etworks",
booktitle = "Proc. of IEEE Personal, Indoor and Mobile Radio Communications (PIMRC 2003)" ,
pages   =   "2818-2822",
month   =   "Sept.",
year    =   "2003"
)

@inproceedings    ( PCTM-HMIPv6,
author  =   "X. Perez-Costa and M. Torrent-Moreno",
title   =   "A {P}erformance {S}tudy of {H}ierarchical {M}obile {IPv6} from {A} {S}ystem {P}erspective",
booktitle = "Proc. of IEEE International Conference on Communications (ICC 2003)" ,
volume  =   "1",
pages   =   "468-474",
month   =   "May",
year    =   "2003"
)

@inproceedings    ( xpcosta2,
author  =   "X. Perez-Costa and R. Schmitz and H. HArtenstein and M. Liebsch" ,
title   =   "A {MIPv6}, {FMIPv6} and {HMIPv6} {H}andover {L}atency {S}tudy: {A}nalytical {A}pproach" ,
booktitle=  "Proc. of IST Mobile and Wireless Telecommunications Summit" ,
month   =   "June" ,
year    =   "2002" ,
)

@inproceedings    ( globel-hmipv6,
author  =   "R. Hsieh and A. Seneviratne and H. Soliman and K. El-Malki",
title   =   "Performance {A}nalysis on {H}ierarchical {M}obile {IPv6} with {F}ast-handoff over {E}nd-to-end {TCP}",
booktitle = "Proc. of IEEE Global Telecommunications Conference (GLOBECOM 2002)" ,
volume  =   "3",
pages   =   "2488-2492",
month   =   "Nov.",
year    =   "2002"
)

@inproceedings    ( peng-hmipv6,
author  =   "P. Xue-hai and Z. Hong-ke and H. Jiu-chuan and Z. Si-dong",
title   =   "Modeling in {H}ierarchical {M}obile {IPv6} and {I}ntelligent {M}obility {M}anagement {S}cheme",
booktitle = "Proc. of IEEE Personal, Indoor and Mobile Radio Communications (PIMRC 2003)" ,
volume  =   "3",
pages   =   "2823-2827",
month   =   "Sept.",
year    =   "2003"
)

@inproceedings    ( moore_greg,
author  =   "N. Moore and G. Daley",
title   =   "Fast {A}ddress {C}onfiguration {S}trategies for the
{M}obile {I}nternet",
booktitle = "Proc. of The Australian Telecommunications, Networks and
Applications Conference (ATNAC)" ,
month   =   "Dec.",
year    =   "2003"
)

@article ( JP:Optimization,
author = "D. B. Johnson and C. E. Perkins",
title = "Route Optimization in Mobile {IP}",
journal = "{IETF} Internet draft, draft-ietf-mobileip-optim-09.txt (work in progress)" ,
month = "Feb.",
year = "2000"
)

@article ( dna,
author = "J. Choi and G. Daley",
title = "Goals of {D}etecting {N}etwork {A}ttachment in {IPv6}",
journal = "{IETF} Internet draft, draft-ietf-dna-goals-04.txt (work in progress)" ,
month = "Dec.",
year = "2004"
)

@article ( adad_draft,
author = "Y.-H. Han and J. Choi and H. Jang and S. Park",
title = "Advance {D}uplicate {A}ddress {D}etection",
journal = "{IETF} Internet draft, draft-han-mobileip-adad-01.txt (work in progress)" ,
month = "July.",
year = "2003"
)

@article ( fra,
author = "J. Kempf and M.-M Khalil and B. Pentland",
title = "{IPv6} {F}ast {R}outer {A}dvertisement",
journal = "{IETF} Internet draft, draft-mkhalil-ipv6-fastra-05.txt (work in progress)" ,
month = "July",
year = "2004"
)

@article ( frd,
author = "J. Choi and D.-Y, Shin",
title = "{F}ast {R}outer {D}iscovery with {RA} {C}aching",
journal = "{IETF} Internet draft, draft-jinchoi-dna-frd-00.txt (work in progress)" ,
month = "July",
year = "2004"
)

@article ( f-hmipv6,
author = "H.-Y. Jung and S.-J. Koh and H. Soliman and K. El-Malki and B. Hartwell",
title = "Fast {H}andover for {H}ierarchical {MIPv6} ({F-HMIPv6})",
journal = "{IETF} Internet draft, draft-jung-mobileip-fastho-hmipv6-04.txt (work in progress)" ,
month = "June",
year = "2004"
)

@article ( card,
author = "M Liebsch and A. Singh and H. Chaskar and D. Funato and E. Shim",
title = "{C}andidate {A}ccess {R}outer {D}iscovery ",
journal = "{IETF} Internet draft, draft-ietf-seamoby-card-protocol-08.txt (work in progress)" ,
month = "Sept.",
year = "2004"
)

@article ( fmip6,
author = "Rajeev Koodli, Ed.",
title = "{F}ast {H}andovers for {M}obile {IPv6}",
journal = "{IETF} {RFC} 4068" ,
month = "July",
year = "2005"
)

@article ( odad,
author = "N. Moore",
title = "{O}ptimistic {D}uplicate {A}ddress {D}etection",
journal = "{IETF} Internet draft,
draft-ietf-ipv6-optimistic-dad-05.txt (work in progress)" ,
month = "Feb.",
year = "2005"
)

@article ( JP:MIPv6,
author = "D. B. Johnson and C. E. Perkins and J. Arkko",
title = "Mobility {S}upport in {IPv6}",
journal = "{IETF} RFC 3775" ,
month = "June",
year = "2004"
)

@article    ( SJ:MIPv6 ,
author  =   "S.-J. Vaughan-Nichols" ,
title   =   "Mobile {IPv6} and The {F}uture of {W}ireless {I}nternet {A}ccess" ,
journal =   "IEEE Computer" ,
volume  =   "36" ,
number  =   "2" ,
month   =   "February",
year    =   "2003",
pages   =   "18-22"
)

@article    ( Montavont ,
author  =   "N. Montavont and T. Noel" ,
title   =   "Handover {M}anagement for {M}obile {N}odes in {IPv6} {N}etworks" ,
journal =   "IEEE Communications Magazine" ,
volume  =   "40" ,
number  =   "8" ,
month   =   "Aug.",
year    =   "2002" ,
pages   =   "38-43"
)

@article    ( ALLC:dynamic,
author  =   "I. F. Akyildiz and W. Wang",
title   =   "A {D}ynamic {L}ocation {M}anagement {S}cheme for
{N}ext-{G}eneration {M}ultitier {PCS} {S}ystems",
journal =   "IEEE Transactions on Wireless Communications",
volume  =   "1" ,
number  =   "1" ,
month   =   "Jan.",
year    =   "2002",
pages   =   "178-189"
)

@article ( ST:auto,
author = "S. Thomson and T. Narten",
title = "{IPv6} {S}tateless {A}ddress {A}utoconfiguration",
journal = "{IETF} RFC 2462" ,
month = "Dec.",
year = "1998"
)

@article ( TEW:neighbor,
author = "T. Narten and E. Nordmark and W. Simpson",
title = "{N}eighbour {D}iscovery for {IP} version 6",
journal = "{IETF} RFC 2461" ,
month = "December",
year = "1998"
)

@article ( SR:IPv6,
author = "S. Deering and R. Hinden",
title = "{I}nternet {P}rotocol, {V}ersion 6 ({IPv6}) {S}pecification",
journal = "{IETF} RFC 1883" ,
month = "December",
year = "1995"
)

@article ( RS,
author = "R. Hinden and S. Deering",
title = "{I}nternet {P}rotocol {V}ersion 6 ({IPv6}) {A}ddressing {A}rchitecture",
journal = "{IETF} RFC 3513" ,
month = "April",
year = "2003"
)

@article ( TR,
author = "T. Nartan and R. Draves",
title = "{P}rivacy {E}xtensions for {S}tateless {A}ddress {A}utoconfiguration in {IPv6}",
journal = "{IETF} RFC 3041" ,
month = "January",
year = "2001"
)

@article    ( CM:Routing ,
author  =   "G. Cho and L. F. Marshall" ,
title   =   "An Efficient Location and Routing Scheme for Mobile Computing Environments" ,
journal =   "IEEE Journal on Selected Areas in Communciations" ,
volume  =   "13" ,
number  =   "5" ,
year    =   "1995" ,
pages   =   "868-879"
)

@article    ( IDMP ,
author  =   "A. Misra and S. Das and A. Dutta and A. McAuley and S.-K. Das" ,
title   =   "{IDMP}-based {F}ast {H}andoffs and {P}aging in {IP}-based {4G} {M}obile {N}etworks" ,
journal =   "IEEE Communications Magazine" ,
volume  =   "40" ,
number  =   "3" ,
year    =   "2002" ,
month   =   "Mar." ,
pages   =   "138-145"
)

@inproceedings    ( CP:handoff ,
author  =   "R. Caceres and V. N. Padmanabhan" ,
title   =   "Fast and Scalable Handoffs for Wireless Internetworks" ,
booktitle = "Proc. of the 2nd Annual International Conference on Mobile Computing and Networking" ,
year    =   "1996" ,
location = "New York",
month   =   "Nov." ,
pages   =   "56-65"
)

@inproceedings    ( aDAD ,
author  =   "Y.-H. Han and S.-H. Hwang and H.J. Jang" ,
title   =   "Design and {E}valuation of an {A}ddress {C}onfiguration and {C}onfirmation {S}cheme for {IPv6} {M}obility {S}upport" ,
booktitle = "Proc. of IEEE Wireless Communications and Networking Conference (WCNC)" ,
year    =   "2004" ,
month   =   "Mar."
)

@inproceedings    ( jwjdg ,
author  =   "J. Wang and J. D. Gibson" ,
title   =   "Erasure-robust {S}peech {C}oding and {C}oncealment in {VoIP} {S}ystems with {F}rame {P}acketization" ,
booktitle = "Proc. of  IEEE Emerging Technologies Symposium on Broadband Communications for the Internet Era Symposium digest" ,
year    =   "2001" ,
month   =   "Sept." ,
pages   =   "23-27"
)

@article ( CB:Unified,
author = "C. Castelluccia and L. Beller",
title = "Toward a Unified Hierarchical Mobility Management Framework",
journal = "IETF Internet draft, draft-castelluccia-uhmm-framework-00.txt, (work in progress)" ,
month = "June",
year = "1999"
)

@article ( GJP:Regional,
author = "E. Gustafsson, A. Jonsson and C. E. Perkins",
title = "Mobile {IP} Regional Registration",
journal = "IETF Internet draft, draft-ietf-mobileip-reg-tunnel-02.txt (work in progress)" ,
month = "March",
year = "2000"
)

@article    ( Castelluccia:Hierarchical ,
author  =   "C. Castelluccia" ,
title   =   "{HMIPv6}: {A} {H}ierarchical {M}obile {IPv6} {P}roposal" ,
journal =   "ACM Mobile Computing and Communications Review" ,
volume  =   "4" ,
number  =   "1" ,
month   =   "Jan.",
year    =   "2000" ,
pages   =   "48-59"
)

@article ( CB:Hierarchical,
author = "H. Soliman and C. Castelluccia and K.-E. Malki and L. Bellier",
title = "Hierarchical {M}obile {IPv6} {M}obility {M}anagement (HMIPv6)",
journal = "IETF RFC 4140" ,
month = "August",
year = "2005"
)

@article ( SM:Handoff,
author = "H. Soliman and K. E. Malki",
title = "Hierarchical Mobile {IPv6} and Fast Handoffs",
journal = "IETF Internet draft, draft-soliman-mobileip-hmipv6-00.txt, (work in progress)" ,
month = "June",
year = "2000"
)

@PHDTHESIS{HANPHD,
  AUTHOR = {Y.-H. Han},
  TITLE = {Hierarchical {L}ocation {C}hacing {S}cheme for {M}obility {M}anagement},
  SCHOOL = {Dept. of Computer Science and Engineering, Korea University},
  YEAR = 2001
}

@ARTICLE{lowlatency,
  AUTHOR = {S. Sharma and Z. Ningning and C. Tzi-cker},
  TITLE = {Low-latency {M}obile {IP} {H}andoff for {I}nfrastructure-mode {W}ireless {LANs}s},
  JOURNAL = {IEEE Journal on Selected Areas in Communications},
  YEAR = 2004,
  VOLUME = {22},
  NUMBER = {4},
  PAGES = {643--652}
}

@article ( NeMo,
author = "V. Devarapalli and R. Wakikawa and A. Petrescu and P. Thubert",
title = "{N}etwork {M}obility ({NEMO}) {B}asic {S}upport {P}rotocol",
journal = "{IETF} RFC 3963" ,
month = "Jan.",
year = "2005"
)

@article (alper:l2trigger,
author = "A. Yegin",
title = "Link-layer {E}vent {N}otifications for {D}etecting {N}etwork {A}ttachments",
journal = "{IETF} Internet draft, draft-ietf-dna-link-information-01.txt (work in progress)" ,
month = "Feb.",
year = "2005"
)

@article (Aboba:l2trigger,
author = "B. Aboba",
title = "Architectural {I}mplications of {L}ink {I}ndications",
journal = "{IETF} Internet draft, draft-iab-link-indications-04.txt (work in progress)" ,
month = "Dec.",
year = "2005"
)

@article (Choi:DNA,
author = "J.H. Choi and G. Daley",
title = "Goals of {D}etecting {N}etwork {A}ttachment in {IPv6}",
journal = "{IETF} RFC 4135" ,
month = "Aug.",
year = "2005"
)

@article    (ETMOG,
author  =   "A. Baggio and G. Ballintijn and M. V. Steen and A. S. Tanenbaum" ,
title   =   "Efficient Tracking of Mobile Objects in {Globe}" ,
journal =   "The Computer Journal" ,
volume  =   "44" ,
number  =   "5" ,
year    =   "2001" ,
pages   =   "340-353"
)

@article    ( EPGS,
author  =   "E. Pitoura and G. Samaras" ,
title   =   "Locating Objects in Mobile Computing" ,
journal =   "IEEE Transaction Kowledge and Data Engineering" ,
volume  =   "13" ,
number  =   "4" ,
year    =   "2001" ,
month   =   "July-Aug.",
pages   =   "571-592"
)

@inproceedings    ( RB:adaptive ,
author  =   "S. Rajagopalan and B. Badrinath" ,
title   =   "An adaptive location management strategy for mobile IP" ,
booktitle = "Proc. of the First ACM International Conference on Mobile Computing and Networking (Mobicom 95)" ,
year    =   "1995" ,
month   =   "Oct." ,
)


%%%% Joon-Min Gil published

@inproceedings    ( GPYH:predicton99 ,
author  =   "J. Gil and C. Y. Park and K. W. Yang and C.-S. Hwang" ,
title   =   "An Efficient Mobility Management by Prediction of User Mobility in Mobile Computing Environments" ,
booktitle = "Proc. of Communication Networks and Distributed Systems Modeling and Simulation Conf." ,
year    =   "1999" ,
month   =   "Jan." ,
pages   =   "71-76"
)

@article    ( GPKHH:prediction99 ,
author  =   "J.-M. Gil and C. Y. Park and K. W. Yang, Y.-H. Han and C.-S. Hwang" ,
title   =   "Intelligent Mobility Prediction using Neuro-Fuzzy Inference Systems in Mobile Computing Systems" ,
journal =   "Journal of KISS(A): Computer Systems and Theory" ,
volume  =   "26" ,
number  =   "4" ,
year    =   "1999" ,
month   =   "April" ,
pages   =   "472-487"
)

@article    ( HHYHJ ,
author  =   "Y.-H. Han and S.-C. Han and K. W. Yang and C.-S. Hwang and Y.-S. Jeong" ,
title   =   "An Efficient Location Cache Scheme for 3-Level Database Architecture in {PCS} Networks" ,
journal =   "International Journal of Communication Systems" ,
year    =   "2001"
)

@unpublished    { GPHHJ:prediction2000,
author  =    "J.-M. Gil and C. Y. Park and Y.-H. Han and C.-S. Hwang and Y.-S. Jeong" ,
title   =    "Simulation of Mobility Prediction Scheme based on Neuro-Fuzzy Theory in Mobile Computing" ,
book    =    "Simulatioin (Special Issues: Mobile and Wireless Communications and Information Processing" ,
note    =    "Accepted in Simulation",
year    =    "2000" ,
}

@inproceedings    ( PGHH:failure99,
author  =   "C. Y. Park and J.-M. Gil and Y.-H. Han and C.-S. Hwang" ,
title   =   "Failure Restoration for Location Server with User Movement Learning and Prediction" ,
booktitle = "Proc. of Second Int'l Symposium on High Performance Computing" ,
year    =   "1999" ,
month   =   "May" ,
pages   =   "399-406"
)

@inproceedings    ( PGJH:failure99,
author  =   "C. Y. Park and J. Gil and Y.-S. Jeong and C.-S. Hwang" ,
title   =   "Application of Mobile User's Location Prediction to Location Server Restoration" ,
booktitle = "Proc. of the 1999 Symposium on Performance Evaluation of Computer and Telecommuncation Systems" ,
year    =   "1999" ,
month   =   "July" ,
pages   =   "169-175"
)

%%%% Youn-Hee Han published
@article   ( Han:Efficient,
author  =   "Y.-H. Han and S.-C. Han and K. W. Yang and C.-S. Hwang and Y.-S. Jeong",
title   =   "An Efficient Location Cache Scheme for 3-Level Database Architecture in {PCS} Netwroks",
journal =   "International Journal of Communication System.",
publisher = "Wiley",
month   =   "Dec.",
year    =   "2001"
)

@inproceedings    ( Han:Hierarchical,
author  =   "Y.-H. Han and J.-M. Gil and S.-H. Hwang and C.-S. Hwang and Y.-S. Jeong" ,
title   =   "An Efficient Location Cache Scheme for Hierarchical Database Architecture in {PCS} Networks" ,
booktitle = "Proc. of of the 15th IPDPS Workshop on Parallel and Distributed Computing Issues in Wireless Networks and Mobile Computing" ,
location =  "San Francisco, California",
year    =   "2001" ,
month   =   "April"
)


tesis_nuevo.bib

@ARTICLE{WEI:91,
  AUTHOR = {Weiser, Mark},
  TITLE = {The {C}omputer for the 21st {C}entury},
  JOURNAL = {Scientific American},
  MONTH = SEP,
  YEAR = 1991,
  URL = {http://www.ubiq.com/hypertext/weiser/SciAmDraft3.html},
  HTML = {documentos/generales/WEI_91.html}
}


@INPROCEEDINGS{BAN:00,
  AUTHOR = {Banavar, Guruduth and Beck, James and Gluzberg, Eugene and Munson, Jonathan and Sussman, Jeremy and Zukowshi, Deborra},
  TITLE = {Challenges: {A}n {A}pplication {M}odel for {P}ervasive {C}omputing},
  BOOKTITLE = {Sixth {A}nnual {ACM/IEEE} {I}nternational {C}onference on {M}obile {C}omputing and {N}etworking ({M}obicom 2000)},
  YEAR = 2000,
  URL = {http://researchweb.watson.ibm.com/PIMA/Documents/documents.html},
  PDF = {documentos/general/BAN_00.pdf}
}


@INPROCEEDINGS{ESL:99,
  AUTHOR = {Esler, Mike and Hightower, Jeffrey and Anderson, Tom and Borriello, Gaetano},
  TITLE = {Next {C}entury {C}hallenges: {D}ata-{C}entric {N}etworking for {I}nvisible {C}omputing {T}he {P}ortolano {P}roject at the {U}niversity of {W}ashington},
  BOOKTITLE = {Fifth {A}nnual {ACM/IEEE} {I}nternational {C}onference on {M}obile {C}omputing and {N}etworking ({M}obicom 1999)},
  YEAR = 1999,
  URL = {http://portolano.cs.washington.edu/papers/},
  PDF = {documentos/general/ESL_99.pdf}
}


@ARTICLE{JON:01,
  AUTHOR = {Jones, Christine E. and Sivalingam, Krishna M. and Agrawel, Prathima and Chen, Jyh Cheng},
  TITLE = {A {S}urvey of {E}nergy {E}fficient {N}etwork {P}rotocols for {W}ireless {N}etworks},
  JOURNAL = {{W}ireless {N}etworks},
  YEAR = 2001,
  VOLUME = {7},
  NUMBER = {4},
  PAGES = {343--358}
}

@MISC{MICA_DATA,
  KEY = {{MICA_DATA}},
  TITLE = {MICAz Datasheet},
  NOTE = {http://bullseye.xbow.com:81/Products/\\Product\_pdf\_files/Wireless\_pdf/MICAz\_Datasheet.pdf}
}

@MISC{MICA_DATA,
  KEY = {{MICA_DATA}},
  TITLE = {MICAz Datasheet},
  NOTE = {http://www.openautomation.net/uploadsproductos/micaz\_datasheet.pdf}
}

@MISC{FAGOR,
  KEY = {{FAGOR}},
  TITLE = {Hogar {D}igital {F}agor},
  YEAR = 2003,
  NOTE = {http://www.fagor.com/es/domotic$\_$n/}
}

@MISC{lucent,
  Author = {Lucent Technologies Inc.},
  TITLE = {Roaming with {W}ave{LAN}/{IEEE} 802.11},
  Month = {Dec.},
  YEAR = 2003,
  NOTE = {Tech. Rep. WaveLan Technical Bulletin 021/A}
}


@BOOK{FIN:03,
  AUTHOR = {Finkenzeller, Klaus},
  TITLE = {{RFID} {H}andbook: {F}undamentals and {A}pplications in {C}ontactless {S}mart {C}ards and {I}dentification},
  PUBLISHER = {John Wiley \& Sons},
  YEAR = 2003,
  EDITION = {2nd},
  MONTH = MAY
}


@ARTICLE{DIE:02,
  AUTHOR = {Diego Bartolome, Maria Victoria de and Gallego Perez, Diego and Lopez Mora, Jose Antonio and Gomez Vicente, Alberto},
  TITLE = {{UMTS}: hacia una red todo {IP}},
  JOURNAL = {Comunicaciones de {T}elefonica {I+D}},
  MONTH = JAN,
  YEAR = 2002,
  PAGES = {85--106},
  PDF = {documentos/redes/telefonia/DIE_02.pdf}
}

@ARTICLE{IAPP_E,
  AUTHOR = {C.-T. Chou and K.-G. Shin},
  TITLE = {An {E}nhanced {I}nter-{A}ccess {P}oint {P}rotocol for {U}niform {I}ntra and {I}ntersubnet {H}andoffs},
  JOURNAL = {{IEEE} {T}rans. on {M}obile {C}omputing},
  MONTH = {July-Aug.},
  YEAR = 2005,
  VOLUME = 4,
  NOMBER = 4,
  PAGES = {321-334}
}


@MISC{IMT_2002,
  KEY = {IMT-2000},
  TITLE = {International Mobile Telecommunications},
  YEAR = 2000,
  NOTE = {http://www.itu.int/ITU-T/imt-2000/}
}


@BOOK{AND:01,
  AUTHOR = {Andersson, Christoffer},
  TITLE = {{GPRS} and {3G} wireless applications},
  PUBLISHER = {John Wiley \& Sons},
  YEAR = 2001
}


@ARTICLE{BET:99,
  AUTHOR = {Bettstetter, Christian and Vogel, Hans-Jorg and Eberpacher, Jorg},
  TITLE = {{GSM} {P}hase 2+ {G}eneral {P}acket {R}adio {S}ervice {GPRS}: {A}rchitecture, {P}rotocols, and {A}ir {I}nterface},
  JOURNAL = {{IEEE} {C}ommunications {S}urveys},
  VOLUME = 2,
  NUMBER = 3,
  YEAR = 1999,
  PDF = {documentos/redes/telefonia/BET_99.pdf},
  OVERVIEW = {Introduccion detallada a GPRS. Tiene una breve descripcion de GSM, para
   despues dar una vision global de GPRS, a nivel arquitectura. Tiene un apartado dedicado
   a la gestion de la movilidad, de la sesion y de routing. Interesante el nuevo modelo para
   gestion de la movilidad, el movil puede estar en tres estados IDLE (no se envia informacion
   de localizacion), READY (se informa en cada momento de la celda en la que
   se encuentra el movil y en este estado no se precisa paging) y STANDBY (se establecen Routing
   Areas, que son un conjunto de celdas dentro de un LA, y el movil solo informa a la red
   cuando se cambia de RA, en este caso se precisa paging) }
}


@ARTICLE{GRA:99,
  AUTHOR = {Granbohm, Hakan and Wiklund, Joakim},
  TITLE = {{GPRS}: {G}eneral {P}acket {R}adio {S}ervice},
  JOURNAL = {Ericsson {R}eview},
  VOLUME = 35,
  NUMBER = 10,
  YEAR = 1999,
  PAGES = {82--88},
  PDF = {documentos/redes/telefonia/GRA_99.pdf},
  URL = {http://www.ericsson.com/about/publications/review/1999_02/article51.shtml},
  OVERVIEW = {No me lo lei, pero lo recomiendan como un buen tutorial en el anterior
    articulo}
}


@MISC{GSM02.60,
  KEY = {{GSM} 02.60},
  TITLE = {{D}igital cellular telecommunications system ({P}hase 2+); {G}eneral {P}acket {R}adio {S}ervice ({GPRS}); {S}ervice description; {S}tage 1},
  YEAR = 1997,
  URL = {http://pda.etsi.org/pda/home.asp?wki_id=9105}
}


@ARTICLE{MUL:01,
  AUTHOR = {Muller, Frank and Sorelius, Joakim and Turina, Dalibor},
  TITLE = {Further evolution of the GSM/EDGE radio access network},
  JOURNAL = {Ericsson {R}eview},
  YEAR = 2001,
  PAGES = {116--123},
  PDF = {documentos/redes/telefonia/MUL_01.pdf},
  URL = {http://www.ericsson.com/about/publications/review/2001_03/article142.shtml}
}


@MISC{TS43.051,
  KEY = {{3GPP TS} 43.051},
  TITLE = {Digital cellular telecommunications system ({P}hase 2+); {GSM/EDGE} {R}adio {A}ccess {N}etwork ({GERAN}) overall description; {S}tage 2},
  YEAR = 2002,
  URL = {http://webapp.etsi.org/workprogram/Report_WorkItem.asp?WKI_ID=16251}
}


@ARTICLE{HUB:00,
  AUTHOR = {Huber, Josef H. and Weiler, Dirk and Brand, Hermann},
  TITLE = {{UMTS}, the {M}obile {M}ultimedia {V}ision for {IMT}-2000: {A} {F}ocus on {S}tandardization},
  JOURNAL = {{IEEE} Communications Magazine},
  MONTH = SEP,
  YEAR = 2000,
  PAGES = {129--136},
  PDF = {documentos/redes/telefonia/HUB_00.pdf}
}


@BOOK{KAA:01,
  AUTHOR = {Kaaranen, Heikki and  Ahtiainen, Ari and Laitinen, Lauri and Naghian, Siamak and Niemi, Valtteri},
  TITLE = {{UMTS} networks : architecture, mobility, and services},
  PUBLISHER = {John Wiley \& Sons},
  YEAR = 2001
}


@MISC{TS21.101,
  KEY = {{3GPP TS} 21.101},
  TITLE = {Digital cellular telecommunications system ({P}hase 2+) ({GSM}); {U}niversal {M}obile {T}elecommunications {S}ystem ({UMTS}); 3rd {G}eneration mobile system {R}elease 1999 {S}pecifications},
  YEAR = 2000,
  URL = {http://pda.etsi.org/pda/home.asp?wki_id=8947}
}


@MISC{TS21.102,
  KEY = {{3GPP TS} 21.102},
  TITLE = {{U}niversal {M}obile {T}elecommunications {S}ystem ({UMTS}); 3rd {G}eneration mobile system {R}elease 4 {S}pecifications},
  YEAR = 2001,
  URL = {http://pda.etsi.org/pda/home.asp?wki_id=11518}
}


@MISC{TS21.103,
  KEY = {{3GPP TS} 21.103},
  TITLE = {{U}niversal {M}obile {T}elecommunications {S}ystem ({UMTS}); 3rd {G}eneration mobile system {R}elease 5 {S}pecifications},
  YEAR = 2002,
  URL = {http://pda.etsi.org/pda/home.asp?wki_id=16423}
}


@MISC{TS21.104,
  KEY = {{3GPP TS} 21.103},
  TITLE = {{U}niversal {M}obile {T}elecommunications {S}ystem ({UMTS}); 3rd {G}eneration mobile system {R}elease 6 {S}pecifications},
  YEAR = 2003,
  URL = {http://www.3gpp.org/ftp/Specs/html-info/21104.htm}
}


@ARTICLE{DOR:02,
  AUTHOR = {Dornan, Andy},
  TITLE = {Fast {F}orward to 4{G}},
  JOURNAL = {Network {M}agazine},
  MONTH = MAR,
  YEAR = 2002,
  PAGES = {34--39},
  URL = {http://www.networkmagazine.com/article/NMG20020304S0010},
  OVERVIEW = {Interesante articulo sobre las 4G: principal objetivo, poder obtener tasas
    de datos sobre los 100 Mbps, el principal problema es que para ello tenemos que irnos
    a bandas de frecuencias de 60GHz o 40GHz con el problema que tiene de cobertura, que
    seria necesario tener celdas cada vez mas pequenas...
    Comenta la posibilidad que las tecnologias WLAN desplacen a los sistemas 3G, debido a
    su tasas de datos, dice que el problema es que debido a la inversion que se ha realizado
    en los futuros sistemas de telefonia movil, no se va a invertir en la implantacion de los
    sistemas WLAN para uso global}
}


@ARTICLE{FRO:00,
  AUTHOR = {Frodigh, Magnus and Johansson, Per and Larsson, Peter},
  TITLE = {Wireless ad hoc networking-{T}he art of networking without a network},
  JOURNAL = {Ericsson {R}eview},
  YEAR = 2000,
  PAGES = {248--293},
  URL = {http://www.ericsson.com/about/publications/review/2000_04/},
  PDF = {documentos/redes/adhoc/FRO_00.pdf}
}


@ARTICLE{ROS:01,
  AUTHOR = {Rose, Bill},
  TITLE = {Home {N}etworks: {A} {S}tandards {P}erpective},
  JOURNAL = {{IEEE} Communications Magazine},
  YEAR = 2001,
  MONTH = DEC,
  PAGES = {78--85},
  PDF = {documentos/redes/adhoc/ROS_01.pdf},
  OVERVIEW = {Tutorial de Home Networks: breves descripciones de los protocolos
    UPnP, IEEE 802.11, IEEE 1934, HomePNA, PowerLine cable}
}


@MISC{IrDA,
  KEY = {Infrared {D}ata {A}ssociation},
  MONTH = JUN,
  YEAR = 1993,
  NOTE = {http://www.irda.org/}
}


@ARTICLE{WIL:00,
  AUTHOR = {Williams, Stuart},
  TITLE = {Ir{DA}: {P}ast, {P}resent and {F}uture},
  JOURNAL = {{IEEE} Personal Communications},
  YEAR = 2000,
  MONTH = FEB,
  PAGES = {11--19},
  PDF = {documentos/redes/adhoc/WIL_01.pdf}
}


@TECHREPORT{SUV:00,
  AUTHOR = {Suvak, Dave},
  TITLE = {Ir{DA} and {B}luetooth: {A} {C}omplementary {C}omparison},
  INSTITUTION = {Extended {S}ystems, Inc.},
  YEAR = 2000
}


@MISC{IBM_AIR,
  KEY = {{IBM} {R}esearch {Z}urich},
  TITLE = {Advanced {I}nfrared},
  YEAR = 1999,
  NOTE = {http://www.zurich.ibm.com/cs/wireless/ircommunication.html}
}


@ARTICLE{BIS:01,
  AUTHOR = {Bisdikian, Chatschik},
  TITLE = {An {O}verview of the {B}luetooth {W}ireless {T}echnology},
  JOURNAL = {{IEEE} Communications Magazine},
  YEAR = 2001,
  MONTH = DEC,
  PAGES = {86--94},
  PDF = {documentos/redes/adhoc/BIS_01.pdf},
  URL = {http://www.comsoc.org/livepubs/ci1/public/2001/dec/current.html}
}


@BOOK{BLUE:01,
  AUTHOR = {Bray, Jennifer and Sturman, Charles F.},
  TITLE = {Bluetooth : connect without cables},
  PUBLISHER = {Prentice Hall Professional Technical Reference},
  YEAR = 2001,
  MONTH = DEC
}


@MISC{BLUE:SIG,
  KEY = {{B}luetooth {SIG}},
  TITLE = {{B}luetooth {S}pecial {I}nterest {G}roup},
  YEAR = 1998,
  NOTE = {http://www.bluetooth.com/dev/specifications.asp},
  URL = {http://www.bluetooth.com/dev/specifications.asp}
}


@MISC{BLUE:SPE,
  KEY = {{B}luetooth v1.1},
  TITLE = {Specification of the {B}luetooth {S}ystem v1.1},
  YEAR = 2001,
  NOTE = {http://www.bluetooth.com/dev/specifications.asp},
  URL = {http://www.bluetooth.com/dev/specifications.asp}
}


@ARTICLE{GUT:01,
  AUTHOR = {Gutierrez, Jose A. and Naeve, Marco and Callaway, Ed and Bourgeois, Monique and Mitter, Vinay and Heile, Bob},
  TITLE = {{IEEE} 802.15.4: {A} {D}eveloping {S}tandard for {L}ow-{P}ower {L}ow-{C}ost {W}ireless {P}ersonal {A}rea {N}etworks},
  JOURNAL = {{IEEE} Network},
  MONTH = {sep/oct},
  YEAR = 2001,
  PAGES = {12--19},
  PDF = {documentos/redes/adhoc/GUT_01.pdf},
  OVERVIEW = {Version anterior de CAL:02}
}


@ARTICLE{KAR:01,
  AUTHOR = {Karao\v{g}z, Jeyhan},
  TITLE = {High-{R}ate {W}ireless {P}ersonal {A}rea {N}etworks},
  JOURNAL = {{IEEE} Communications Magazine},
  YEAR = 2001,
  MONTH = DEC,
  PAGES = {96--102},
  PDF = {},
  OVERVIEW = {Describe el draft del estandar IEEE 802.15.3 a nivel MAC y PHY. Define
    la conectividad ad-hoc como, por una parte, la capacidad del dispositivo de actuar
    como maestro y esclavo y por otra parte, la facilidad de que el dispositivo entre
    y salga de una red.
    Aplicaciones en las que sera necesario este protocolo: transferencia de ficheros,
    distribucion de video en tiempo real, y de audio de alta calidad.}
}


@ARTICLE{CAL:02,
  AUTHOR = {Callaway, Ed and Gorday, Paul and Hester, Lance and Gutierrez, Jose A. and Naeve, Marco and Heile, Bob and Bahl, Venkat},
  TITLE = {Home {N}etworking with {IEEE} 802.15.4: {A} {D}eveloping {S}tandard for {L}ow-{R}ate {W}ireless {P}ersonal {A}rea {N}etworks},
  JOURNAL = {{IEEE} Communications Magazine},
  YEAR = 2002,
  MONTH = AUG,
  PAGES = {70--77},
  PDF = {documentos/redes/adhoc/CAL_02.pdf},
  OVERVIEW = {Tutorial sobre el draft del estandar IEEE 802.15.4. El objetivo es definir un
    protocolo de red de bajo coste, de bajo consumo, para aplicaciones que requieren bajas
    tasas de transmision y que su modo de operacion sea adhoc. Comenta que 802.11 no tiene
    en cuenta las restricciones de consumo, y que Bluetooth al ser pensado para sustituir
    cables tampoco (los mecanismos posteriores que tuvieron que implementar para que fuese
    un protocolo para la comunicacion entre iguales implican un gran consumo de baterias.
    Habla de la iniciativa ZigBee el que sera el equivalente a WiFi.
    Tiene dos topologias en estrella (que es la habitual) y peer-to-peer.
    El nivel MAC emplea CSMA/CA. Se contemplan tres niveles de seguridad: no-security,
    access control lists y symmetric key security con AES-128.
    El nivel PHY opera en las bandas (895(EU)/915(USA) MHz y 2,4 GHz) emplea DSSS}
}


@MISC{WG_802_15,
  KEY = {{IEEE} 802.15 {W}orking {G}roup},
  TITLE = {{IEEE} 802.15 {W}orking {G}roup for {W}ireless {P}ersonal {A}rea {N}etworks},
  YEAR = 1999,
  NOTE = {http://grouper.ieee.org/groups/802/15/},
  URL = {http://grouper.ieee.org/groups/802/15/}
}


@MISC{802_15_1,
  KEY = {{IEEE} 802.15.1},
  TITLE = {{IEEE} {S}tandard for information technology - {T}elecommunication and information exchange between systems - {LAN/MAN} - {P}art 15.1: {W}ireless {M}edium {A}ccess {C}ontrol ({MAC}) and {P}hysical {L}ayer ({PHY}) specifications for {W}ireless {P}ersonal {A}rea {N}etworks ({WPAN}s)},
  YEAR = 2002,
  URL = {http://grouper.ieee.org/groups/802/15/main.html},
  OVERVIEW = {Norma IEEE 802.15.1}
}


@MISC{802_15_3_TG,
  KEY = {{IEEE} 802.15 {WPAN} {T}ask {G}roup 3},
  TITLE = {{WPAN} {H}igh {R}ate},
  YEAR = 2000,
  NOTE = {http://grouper.ieee.org/groups/802/15/pub/TG3.html},
  URL = {http://grouper.ieee.org/groups/802/15/pub/TG3.html}
}


@MISC{802_15_4_TG,
  KEY = {{IEEE} 802.15 {WPAN} {T}ask {G}roup 4},
  TITLE = {{WPAN} {L}ow {R}ate},
  YEAR = 2000,
  NOTE = {http://grouper.ieee.org/groups/802/15/pub/TG4.html},
  URL = {http://grouper.ieee.org/groups/802/15/pub/TG4.html}
}


@MISC{802_15_3,
  KEY = {{IEEE} {S}td 802.15.3},
  TITLE = {{IEEE} standard for information technology - telecommunications and information exchange between systems -
  local and metropolitan area networks - specific requirements part 15.3: wireless medium access control
  ({MAC}) and physical layer ({PHY}) specifications for high rate wireless personal area networks ({WPAN}s)},
  YEAR = 2003
}


@MISC{802_15_4,
  KEY = {{IEEE} {S}td 802.15.4},
  TITLE = {{IEEE} standard for information technology - telecommunications and information exchange between systems -
  local and metropolitan area networks specific requirements part 15.4: wireless medium access control ({MAC})
  and physical layer ({PHY}) specifications for low-rate wireless personal area networks ({LR}-{WPAN}s)},
  YEAR = 2003
}

@ARTICLE{CRO:97,
  AUTHOR = {Crow, Brian P. and Widjaja, Indra and Geun Kim, Jeong and Sakai, Prescott T.},
  TITLE = {{IEEE} 802.11 {W}ireless {L}ocal {A}rea {N}etworks},
  JOURNAL = {{IEEE} Communications Magazine},
  YEAR = 1997,
  MONTH = SEP,
  PAGES = {116--126},
  PDF = {documentos/redes/adhoc/CRO_97.pdf},
  OVERVIEW = {Describe el draft del estandar IEEE 802.11. Hace un analisis mediante simulacion
    de las prestaciones en modo ad-hoc y en modo infraestructura. Aunque hace referencia a la
    especificacion cuando era un draft, describe de manera detallada el modo ad-hoc, y realiza
    simulaciones de ambos modos para obtener prestaciones del sistema.}
}


@ARTICLE{KAP:02,
  AUTHOR = {Kapp, Steve},
  TITLE = {802.11: {L}eaving the {W}ire {B}ehind},
  JOURNAL = {{IEEE} Internet Computing},
  YEAR = 2002,
  MONTH = {January-February},
  PAGES = {82--85},
  OVERVIEW = {Breve tutorial sobre IEEE 802.11, incluye una breve descripcion de todas las
    modificaciones IEEE 802.11a,b,e,g,h,i}
}


@MISC{802_11,
  AUTHOR = {{{I}EEE} {S}td. 802.11},
  KEY = {{IEEE} {S}td. 802.11},
  TITLE = {{IEEE} 802.11 {L}ocal and {M}etropolitan {A}rea {N}etworks: {W}ireless {LAN} {M}edium {A}cess {C}ontrol ({MAC}) and {P}hysical ({PHY}) {S}pecifications},
  YEAR = 1999,
  URL = {http://grouper.ieee.org/groups/802/11/main.html},
  OVERVIEW = {Norma IEEE 802.11}
}


@MISC{802_11a,
  KEY = {{IEEE} {S}td. 802.11a},
  TITLE = {Supplement to {IEEE} standard for information technology telecommunications and information exchange between systems - local and metropolitan area networks - specific requirements. {P}art 11: wireless {LAN} {M}edium {A}ccess {C}ontrol ({MAC}) and {P}hysical Layer ({PHY}) specifications: high-speed physical layer in the 5 {G}Hz band.},
  YEAR = 1999
}


@MISC{802_11b,
  KEY = {{IEEE} {S}td. 802.11b},
  TITLE = {Supplement to {IEEE} standard for information technology telecommunications and information exchange between systems - local and metropolitan area networks - specific requirements. Part 11: wireless {LAN} {M}edium {A}ccess {C}ontrol ({MAC}) and {P}hysical Layer ({PHY}) specifications. {A}mendment 2: higher-speed physical layer ({PHY}) extension in the 2.4 {GH}z band.},
  YEAR = 1999
}


@MISC{802_11g,
  KEY = {{IEEE} {S}td. 802.11g},
  TITLE = {{IEEE} {S}td 802.11h-2003 ({A}mendment to {IEEE} {S}td 802.11, 1999 Edn. ({R}eaff 2003)) as amended by {IEEE} {S}tds 802.11a-1999, 802.11b-1999, 802.11b-1999/Cor 1-2001, and 802.11d-2001).},
  YEAR = 2003
}


@MISC{802_11h,
  KEY = {{IEEE} {S}td. 802.11h},
  TITLE = {{IEEE} {S}td 802.11h-2003 ({A}mendment to {IEEE} {S}td 802.11, 1999 Edn. ({R}eaff 2003))},
  YEAR = 2003
}

@MISC{802_11i,
  AUTHOR = {IEEE Draft 802.11i/d8},
  KEY = {IEEE Draft 802.11i/d8},
  TITLE = {Supplement to {P}art 11: {W}ireless {LAN} {M}edium {A}ccess {C}ontrol ({MAC}) and {P}hysical Layer ({PHY}) specifications: Specification for Enhanced Security.},
  YEAR = 2004
}


@MISC{HIPERLAN,
  KEY = {{HIPERLAN/2}},
  TITLE = {{ETSI} {B}roadband Radio Access Networks ({BRAN}); {HIPERLAN} type 2 technical specification; {P}hysical layer},
  MONTH = AUG,
  YEAR = 1999,
  URL = {http://www.etsi.org/technicalactiv/Hiperlan/hiperlan2.htm},
  OVERVIEW = {Norma HIPERLAN/2}
}

@MISC{802_16,
  AUTHOR = {{{I}EEE} {S}td. 802.16},
  KEY = {{IEEE} {S}td. 802.16},
  TITLE = {{IEEE} 802.16 {L}ocal and {M}etropolitan {A}rea {N}etworks - {P}art 16: {A}ir {I}nterface for {F}ixed {B}roadband {W}ireless {A}ccess {S}ystems},
  YEAR = 2004,
  MONTH = October,
  OVERVIEW = {Norma IEEE 802.11}
}

@ARTICLE{KHU:02,
  AUTHOR = {Khun-Jush, Jamshid and Schramm, Peter and Malmgren, Goran and Torsner, Johan},
  TITLE = {Hiper{LAN}2: {B}roadband {W}ireless {C}ommunications at 5 {GH}z},
  JOURNAL = {{IEEE} Communications Magazine},
  YEAR = 2002,
  MONTH = JUN,
  PAGES = {130--136},
  VOLUME = {40},
  NUMBER = {6},
  OVERVIEW = {},
  PDF = {documentos/redes/adhoc/KHU_02.pdf}
}


@ARTICLE{KHU:00,
  AUTHOR = {Khun-Jush, Jamshid and Malmgren, Goran and Schramm, Peter and Torsner, Johan},
  TITLE = {HIPERLAN type 2 for broadband wireless communication},
  JOURNAL = {Ericsson {R}eview},
  YEAR = 2000,
  PAGES = {108--119},
  OVERVIEW = {},
  PDF = {documentos/redes/adhoc/KHU_00.pdf},
  URL = {http://www.ericsson.com/about/publications/review/2000_02/article109.shtml}
}


@ARTICLE{DOU:02,
  AUTHOR = {Doufexi, Angela and Armour, Simon and Butler, Michael and Nix, Andrew and Bull, David and McGeehan, Joseph},
  TITLE = {A {C}omparison of the {HIPERLAN}/2 and {IEEE} 802.11a Wireless {LAN} {S}tandards},
  JOURNAL = {{IEEE} Communications Magazine},
  YEAR = 2002,
  MONTH = MAY,
  PAGES = {172--179},
  OVERVIEW = {},
  PDF = {documentos/redes/adhoc/DOU_02.pdf}
}


@ARTICLE{DUT:99,
  AUTHOR = {Dutta-Roy, {A}mitava},
  TITLE = {Networks for {H}omes},
  JOURNAL = {{IEEE} Spectrum},
  YEAR = 1999,
  PAGES = {26--33},
  MONTH = DEC
}


@MISC{WG_HOMERF,
  KEY = {{H}ome {RF} Working {G}roup},
  YEAR = 1997,
  URL = {http://www.homerf.org}
}


@ARTICLE{NEG:00,
  AUTHOR = {Negus, Kevin J. and Stephens, Adrian P. and Lansforb, Jim},
  TITLE = {Home{RF}: {W}ireless {N}etworking for the {C}onnected {H}ome},
  JOURNAL = {{IEEE} Personal Communications},
  YEAR = 2000,
  MONTH = FEB,
  PAGES = {20--27},
  PDF = {documentos/redes/adhoc/NEG_00.pdf},
  OVERVIEW = {Breve tutorial sobre HomeRF v1.0, describe bastante en detalle tanto el nivel
    fisico como el nivel MAC. Tambien tiene una tabla comparativa interesante entre tecnologias
    semejantes, en concreto HIPERLAN/2, IEEE 802.11, HomePNA, Bluetooth e IrDA}
}


@ARTICLE{FRA:00,
  AUTHOR = {Frank, Edward H. and Hollaway, Jack},
  TITLE = {Connecting the {H}ome with a {P}hone {L}ine {N}etwork {C}hip {S}et},
  JOURNAL = {{IEEE} {MICRO}},
  YEAR = 2000,
  PAGES = {1--12},
  MONTH = {March--April}
}


@TECHREPORT{GAR:MAR:00,
  AUTHOR = {Gardner, Steve and Markwalter, Brian and Yonge, Larry},
  TITLE = {Home{P}lug {S}tandard {B}rings {N}etworking to the {H}ome},
  INSTITUTION = {CommsDesign.com},
  YEAR = 2000
}


@MISC{X10,
  KEY = {X10},
  NOTE = {http://www.x10.com},
  YEAR = 1997
}


@TECHREPORT{ECH:99,
  AUTHOR = {Echelon},
  TITLE = {Introduction to the {L}on{W}orks {S}ystem},
  INSTITUTION = {Echelon {C}orporation},
  YEAR = 1999
}


@ARTICLE{WAC:02,
  AUTHOR = {Wacks, Kenneth},
  TITLE = {Home {S}ystems {S}tandards: {A}chievements and {C}hallenges},
  JOURNAL = {{IEEE} Communications Magazine},
  YEAR = 2002,
  PAGES = {152--159},
  MONTH = APR
}


@MISC{IEEE1394,
  KEY = {{IEEE} {S}td 1394-1995},
  TITLE = {{IEEE} {S}tandard for a {H}igh {P}erformance {S}erial {B}us},
  MONTH = AUG,
  YEAR = 1996
}


@ARTICLE{LEA:00,
  AUTHOR = {Lea, R. and Gibbs, S. and Dara-Abrams, A. and Eytchison, E.},
  TITLE = {Networking home entertainment devices with {HAV}i},
  JOURNAL = {{IEEE} Computer},
  YEAR = 2000,
  PAGES = {35--43},
  MONTH = SEP,
  OVERVIEW = {No me lo lei, define una serie de APIs para el desarrollo de aplicaciones de Audio
    y Video, en redes sobre IEEE 1394}
}


@MISC{CableHome,
  KEY = {Cable Home 1.0},
  TITLE = {Cable{H}ome 1.0 {S}pecification},
  MONTH = SEP,
  YEAR = 2002
}


@ARTICLE{EDE:01,
  AUTHOR = {Edens, Glenn T.},
  TITLE = {Home {N}etworking and the {C}able{H}ome {P}roject at {C}able{L}abs},
  JOURNAL = {{IEEE} Communications Magazine},
  YEAR = 2001,
  PAGES = {112--121},
  MONTH = JUN,
  OVERVIEW = {No me lo lei porque empieza a hablar de otros tipos de redes que no conozco muy
    bien, y tampoco es crucial entenderlo}
}


@ARTICLE{RIC:00,
  AUTHOR = {Richard III, Golden G.},
  TITLE = {Service {A}dvertisement and {D}iscovery: {E}nabling {U}niversal {D}evice {C}ooperation},
  JOURNAL = {{IEEE} Internet Computing},
  YEAR = 2000,
  PAGES = {18--27},
  MONTH = {sep/oct}
}


@ARTICLE{HEL:02,
  AUTHOR = {Helal, Sumi},
  TITLE = {Standards for {S}ervice {D}iscovery and {D}elivery},
  JOURNAL = {{IEEE} Pervasive Computing},
  PAGES = {95--100},
  MONTH = {jul/sep},
  YEAR = 2002
}


@MISC{RFC2131,
  KEY = {RFC2131},
  AUTHOR = {Droms, R.},
  TITLE = {{D}ynamic {H}ost {C}onfiguration {P}rotocol},
  ORGANIZATION = {IETF Network Working Group},
  YEAR = 1997,
  MONTH = MAR
}


@MISC{RFC0826,
  AUTHOR = {Plummer, David C.},
  TITLE = {An {E}thernet {A}ddress {R}esolution {P}rotocol},
  MONTH = NOV,
  YEAR = 1982,
  URL = {http://www.ietf.org/rfc/rfc0826.txt?number=826}
}


@INPROCEEDINGS{ANK:02,
  AUTHOR = {Ankolenkar, Anupriya and Burstein, Mark and Hobbs, Jerry R. and Lassila, Ora and Martin, David L. and McDermott, Drew and McIlraith, Sheila A. and Narayanan, Srini and Paolucci, Massimo and Payne, Terry R. and Sycara, Katia},
  TITLE = {{DAML-S}: {W}eb {S}ervice {D}escription for the {S}emantic {W}eb},
  BOOKTITLE = {{T}he {F}irst {I}nternational {S}emantic {W}eb {C}onference ({ISWC})},
  YEAR = 2002,
  ADDRESS = {Sardinia ({I}taly)},
  MONTH = JUN,
  URL = {http://www.daml.org/services/coalition-pubs.html}
}


@ARTICLE{GUT:99,
  AUTHOR = {Guttman, Erik},
  TITLE = {{Service Location Protocol}: {A}utomatic {D}iscovery of {IP} {N}etwork {S}ervices},
  JOURNAL = {{IEEE} Internet Computing},
  MONTH = JUL,
  YEAR = 1999,
  PDF = {documentos/pervasive/GUT_99.pdf}
}


@MISC{RFC2165,
  KEY = {RFC 2165},
  TITLE = {{RFC 2165}: {S}ervice {L}ocation {P}rotocol},
  ORGANIZATION = {{IETF} {N}etwork {W}orking {G}roup},
  YEAR = 1997,
  PDF = {documentos/pervasive/RFC2165.txt}
}


@MISC{RFC2608,
  KEY = {RFC 2608},
  AUTHOR = {Guttman, E. and Perkins, C. and Veizades, J. and Day, M.},
  TITLE = {{RFC 2608}: {S}ervice {L}ocation {P}rotocol, {V}ersion 2},
  ORGANIZATION = {{IETF} {N}etwork {W}orking {G}roup},
  MONTH = JUN,
  YEAR = 1999
}


@MISC{RFC2609,
  KEY = {RFC 2609},
  AUTHOR = {Guttman, E. and Perkins, C. and Kempf, J.},
  TITLE = {{RFC 2609}: {S}ervice {T}emplates and {S}ervice: {S}chemes},
  ORGANIZATION = {{IETF} {N}etwork {W}orking {G}roup},
  MONTH = JUN,
  YEAR = 1999
}


@MISC{RFC2610,
  KEY = {RFC 2610},
  AUTHOR = {Perkins, C. and Guttman, E.},
  TITLE = {{RFC 2610}: {DHCP} {O}ptions for {S}ervice {L}ocation {P}rotocol},
  ORGANIZATION = {{IETF} {N}etwork {W}orking {G}roup},
  MONTH = JUN,
  YEAR = 1999
}

@article ( DHCPv6,
  AUTHOR = {R. Droms and et al.},
  title = {Dynamic {H}ost {C}onfiguration {P}rotocol for {IPv6} ({DHCPv6})},
  journal = "{IETF} RFC 3315" ,
  month = {July},
  year = {2003}
)

@ARTICLE{FMIPv6_journal,
  AUTHOR = {L. Dimopoulou and G. Leoleis and I.O. Venieris},
  TITLE = {{F}ast {H}andover {S}upport in a {WLAN} {E}nvironment: {C}hallenges and {P}erspectives},
  JOURNAL = {{IEEE} {N}etwork},
  YEAR = 2005,
  VOLUME = {19},
  NUMBER = {3},
  PAGES = {14-20},
  MONTH = {May-June}
}

@MISC{RFC3059,
  KEY = {RFC 3059},
  AUTHOR = {Guttman, E.},
  TITLE = {{RFC 3059}: {A}ttribute {L}ist {E}xtension for the {S}ervice {L}ocation {P}rotocol},
  ORGANIZATION = {{IETF} {N}etwork {W}orking {G}roup},
  MONTH = FEB,
  YEAR = 2001
}


@MISC{RFC3082,
  KEY = {RFC 3082},
  AUTHOR = {Kempf, J. and Goldschmidt, J.},
  TITLE = {{RFC 3082}: {N}otification and {S}ubscription for {SLP}},
  ORGANIZATION = {{IETF} {N}etwork {W}orking {G}roup},
  MONTH = MAR,
  YEAR = 2001
}


@MISC{RFC3224,
  KEY = {RFC 3224},
  AUTHOR = {Guttman, E.},
  TITLE = {{RFC 3224}: {V}endor {E}xtensions for {S}ervice {L}ocation {P}rotocol, {V}ersion 2},
  ORGANIZATION = {{IETF} {N}etwork {W}orking {G}roup},
  MONTH = JAN,
  YEAR = 2002
}


@MISC{RFC3421,
  KEY = {RFC 3421},
  AUTHOR = {Zhao, W. and Schulzrinne, H. and Guttman, E. and Bisdikian, C. and Jerome, W.},
  TITLE = {{RFC 3421}: {S}elect and {S}ort {E}xtensions for the {S}ervice {L}ocation {P}rotocol ({SLP})},
  ORGANIZATION = {{IETF} {N}etwork {W}orking {G}roup},
  MONTH = MAR,
  YEAR = 2001
}


@MISC{RFC2401,
  KEY = {RFC 2401},
  AUTHOR = {Kent, S. and Atkinson, S.},
  TITLE = {{RFC 2401}: {S}ecurity {A}rchitecture for the {I}nternet {P}rotocol},
  ORGANIZATION = {{IETF} {N}etwork {W}orking {G}roup},
  MONTH = NOV,
  YEAR = 1998
}


@MISC{UPnPForum,
  KEY = {UPnP {F}orum},
  TITLE = {Universal {P}lug and {P}lay {F}orum},
  YEAR = 1999,
  MONTH = JUN,
  NOTE = {http://www.upnp.org/}
}


@MANUAL{UPNP:00,
  TITLE = {Understanding {U}niversal {P}lug and {P}lay. {W}hite {P}aper},
  AUTHOR = {Microsoft Corporation},
  YEAR = 2000,
  PDF = {documentos/pervasive/UPNP_00.pdf}
}


@MISC{CAI:99,
  AUTHOR = {Goland, Yaron Y. and Cai, Ting and Leach, Paul and Gu, Ye},
  TITLE = {Simple {S}ervice {D}iscovery {P}rotocol/1.0},
  HOWPUBLISHED = {Internet-{D}raft (work in progress)},
  MONTH = APR,
  YEAR = 1999,
  NOTE = {draft-cai-ssdp-v1-03.txt}
}


@MISC{COH:98,
  AUTHOR = {Cohen, J. and Aggarwal, S.},
  TITLE = {General {E}vent {N}otification {A}rchitecture {B}ase},
  HOWPUBLISHED = {Internet-{D}raft (work in progress)},
  MONTH = JUL,
  YEAR = 98,
  URL = {http://www.globecom.net/ietf/draft/draft-cohen-gena-p-base-01.html}
}


@MISC{RED:99,
  AUTHOR = {Reddy, S. and Lowry, D. and Reddy, S. and Henderson, R. and Davis, J. and Babich, A.},
  TITLE = {{DAV} {S}earching \& {L}ocating},
  HOWPUBLISHED = {Internet-{D}raft (work in progress)},
  MONTH = JUL,
  YEAR = 99,
  URL = {http://www.webdav.org/dasl/protocol/draft-dasl-protocol-00.html}
}


@MISC{GOL:99,
  AUTHOR = {Goland, Yaron Y.},
  TITLE = {Multicast and {U}nicast {UDP} {HTTP} {R}equests},
  HOWPUBLISHED = {Internet-{D}raft (work in progress)},
  YEAR = 1999,
  NOTE = {draf-goland-http-udp-00.txt}
}


@MISC{RFC1034,
  KEY = {RFC 1034},
  AUTHOR = {Mockapetris, P.},
  TITLE = {Domain {N}ames - {C}oncepts and {F}acilities},
  HOWPUBLISHED = {},
  MONTH = NOV,
  YEAR = 1987
}


@MISC{RFC1035,
  KEY = {RFC 1035},
  AUTHOR = {Mockapetris, P.},
  TITLE = {Domain {N}ames - {I}mplementation and {S}pecification},
  HOWPUBLISHED = {},
  MONTH = NOV,
  YEAR = 1987
}


@MISC{RFC2782,
  KEY = {RFC 2782},
  AUTHOR = {Gulbrandsen, A. and Vixie, P. and Esibov, L.},
  TITLE = {{RFC 2782}: A {DNS} {RR} for specifying the location of services ({DNS} {SRV})},
  MONTH = FEB,
  YEAR = 2000
}


@MISC{RFC2535,
  KEY = {RFC2535},
  AUTHOR = {Eastlake, D.},
  TITLE = {{RFC 2535}: {D}omain {N}ame {S}ystem {S}ecurity {E}xtensions},
  MONTH = MAR,
  YEAR = 1999
}


@MISC{RFC2136,
  KEY = {RFC2136},
  AUTHOR = {Vixie, P. and Thomson, S. and Rekhter, Y. and Bound, J.},
  TITLE = {Dynamic {U}pdates in the {D}omain {N}ame {S}ystem ({DNS UPDATE})},
  MONTH = NOV,
  YEAR = 2000
}


@MISC{CHE:03,
  KEY = {draft-cheshire-dnsext-dns-sd-00},
  AUTHOR = {Cheshire, Stuart},
  TITLE = {{DNS}-{B}ased {S}ervice {D}iscovery},
  ORGANIZATION = {Apple {C}omputer, {I}nc.},
  HOWPUBLISHED = {Internet-{D}raft (work in progress)},
  MONTH = JUN,
  YEAR = 2003
}


@MISC{CHE:03_1,
  KEY = {draft-cheshire-dnsext-multicastdns-01},
  AUTHOR = {Cheshire, Stuart},
  TITLE = {Performing {DNS} queries via {IP} {M}ulticast},
  ORGANIZATION = {Apple {C}omputer, {I}nc.},
  HOWPUBLISHED = {Internet-{D}raft (work in progress)},
  MONTH = JUN,
  YEAR = 2003
}


@MISC{ESI:03,
  KEY = {draft-ietf-dnsext-mdns-20},
  AUTHOR = {Esibov, Levon and Adoba, Bernard and Thaler, Dave},
  TITLE = {Linklocal {M}ulticast {N}ame {R}esolution ({LLMNR})},
  ORGANIZATION = {IETF DNSEXT Working Group},
  HOWPUBLISHED = {Internet-{D}raft (work in progress)},
  MONTH = MAY,
  YEAR = 2003
}


@MISC{WIL:02,
  AUTHOR = {Willians, A.},
  TITLE = {Requirements for {A}utomatic {C}onfiguration of {IP} {H}osts},
  ORGANIZATION = {Motorola},
  HOWPUBLISHED = {Internet-{D}raft (work in progress)},
  MONTH = SEP,
  YEAR = 2002
}


@MISC{SALUTATION:98,
  KEY = {Salutation {C}onsortium},
  YEAR = 1998,
  URL = {http://www.salutation.org},
  PDF = {documentos/pervasive/SALUTATION_98.pdf}
}


@TECHREPORT{MILL:00,
  AUTHOR = {Miller, Brent A. and Pascoe, Robert A.},
  TITLE = {Salutation Service Discovery in Pervasive Computing Environments},
  INSTITUTION = {IBM White Paper},
  MONTH = FEB,
  YEAR = 2000,
  URL = {http://www-3.ibm.com/pvc/tech/salutation.shtml},
  OVERVIEW = {Describe el protocolo de descubrimiento de servicios Salutation y
              describe varias aplicaciones de pervasive computing en las que se
              pueden utilizar}
}


@TECHREPORT{PAS:99,
  AUTHOR = {Pascoe, Bob},
  TITLE = {Salutation-{L}ite. {F}ind-{A}nd-{B}ind {T}echnologies {F}or {M}obile {D}evices},
  INSTITUTION = {{S}alutation {C}onsortium},
  YEAR = 1999,
  MONTH = JUN
}


@MISC{JINI:99,
  KEY = {Jini},
  ORGANIZATION = {Sun Microsystems},
  TITLE = {Jini {A}rchitectural {O}verview. {W}hite {P}aper},
  YEAR = 1999,
  URL = {http://www.sun.com/jini/whitepapers/architecture.pdf}
}


@ARTICLE{GON:01,
  AUTHOR = {Gong, Li},
  TITLE = {{JXTA}: {A} {N}etwork {P}rogramming {E}nvironment},
  JOURNAL = {{IEEE} Internet Computing},
  YEAR = 2001,
  PAGES = {88--95},
  MONTH = {May--June}
}


@MANUAL{BLUESDP:01,
  KEY = {{SDP}},
  TITLE = {Bluetooth {S}pecification v1.1, {P}art {E}: {S}ervice {D}iscovery {P}rotocol ({SDP})},
  CROSSREF = {BLUE:SPE}
}


@ARTICLE{MAR:KRI:01,
  AUTHOR = {Marples, Dave and Kriens, Peter},
  TITLE = {The {O}pen {S}ervices {G}ateway {I}nitiative: {A}n {I}ntroduction {O}verview},
  JOURNAL = {{IEEE} Communications Magazine},
  YEAR = 2001,
  PAGES = {110--114},
  MONTH = DEC
}


@ARTICLE{DOB:02,
  AUTHOR = {Dobrev, Pavlin and Famolari, David and Kurzke, Christian and Miller, Brent A.},
  TITLE = {Device and {S}ervice {D}iscovery in {H}ome {N}etworks with {OSG}i},
  JOURNAL = {{IEEE} Communications Magazine},
  YEAR = 2002,
  PAGES = {86--92},
  MONTH = AUG
}


@INPROCEEDINGS{GUT:KEM:99,
  AUTHOR = {Guttman, E. and Kempf, J.},
  TITLE = {Automatic {D}iscovery of {T}hin {S}ervers: {SLP}, {J}ini and the {SLP}-{J}ini {B}ridge},
  BOOKTITLE = {25th Ann. Conf. {IEEE} {I}ndustrial {E}lectronics Soc. ({IECON 99})},
  YEAR = 1999,
  EDITOR = {{IEEE} Press},
  ADDRESS = {Piscataway, N. J.}
}


@MISC{MIL:PAS:99,
  AUTHOR = {Miller, B. and Pascoe, R.},
  TITLE = {{M}apping {S}alutation {A}rchitecture {API}s to {B}luetooth {S}ervice {D}iscovery {L}ayer},
  MONTH = JUN,
  YEAR = 1999,
  NOTE = {http://www.salutation.org/whitepaper/BtoothMapping.PDF}
}


@TECHREPORT{TAN:98,
  AUTHOR = {Tang, Diane and Chang, Chih-Yuan and Tanaka, Kei and Baker, Mary},
  TITLE = {Resource {D}iscovery in {A}d hoc {N}etworks},
  INSTITUTION = {Stanford University},
  YEAR = 1998,
  NUMBER = {CSL-TR-98-769},
  MONTH = AUG,
  OVERVIEW = {Interesante justificacion del porque se necesita una solucion nueva
    para el descubrimiento de servicios en redes ad-hoc. Su propuesta se basa
    fundamentalmente en emplear direcciones multicast a las que pertenecen los
    servidores que ofrecen el mismo tipo de servicios. Los clientes emplean estas
    direcciones para interrogar y seleccionar el servicio concreto al que quiere
    acceder.
    Emplea un metodo push puro y ademas plantea el problema del funcionamiento
    de multicast en redes ad hoc...}
}


@TECHREPORT{CLA:01,
  AUTHOR = {Clark, Dan and Sarma, Girish},
  TITLE = {Service {D}iscovery in {A}d-hoc {N}etworks},
  INSTITUTION = {Department of {C}omputer {S}cience. {R}ochester {I}nstitute of {T}echnology},
  YEAR = 2001,
  OVERVIEW = {No me gusta nada, trata el descubrimiento de servicios empleando
    interfaces...Esto le gustaria a amarin, supongo}
}


@INPROCEEDINGS{HEL:03,
  AUTHOR = {Helal, Sumi and Desai, Nitin and Verma, Varum},
  TITLE = {Konark-{A} {S}ervice {D}iscovery and {D}elivery {P}rotocol for {A}d-hoc {N}etworks},
  BOOKTITLE = {Third {IEEE} {C}onference on {W}ireless {C}ommunication {N}etworks ({WCNC})},
  YEAR = 2003,
  ADDRESS = {New Orleans},
  MONTH = MAR,
  OVERVIEW = {Mas que un protocolo de servicios en si, proponen un framework para el
    descubrimiento de servicios. Consideran mecanismos no centralizados, pero contemplan
    tanto mecanismo push como pull, la eleccion se debe tomar a nivel de aplicacion. Lo
    mas novedoso es que proponen un repositorio de servicios conocidos en forma de arbol,
    en la que clasifican los servicios por tipos. Se supone que esta estructura arborea
    se comparte por todos los nodos.
    El protocolo tambien abarca el acceso a los servicios, para lo que desarrolla un
    micro-servidor HTTP y emplea el protocolo de SOAP para acceso a servicios.
    Tiene ideas y comentarios sobre la problematica del descubrimiento de servicios en
    redes ad-hoc interesantes.}
}


@INPROCEEDINGS{CHA:02,
  AUTHOR = {Chakraborty, Dipanjan and Joshi, Anupam and Yesha, Yelena and Fini, Tim},
  TITLE = {{GSD}: {A} {N}ovel {G}roup-based {S}ervice {D}iscovery {P}rotocol for {MANETS}},
  BOOKTITLE = {4th {IEEE} {C}onference on {M}obile and {W}ireless {C}ommunications {N}etworks ({MWCN} 2002)},
  YEAR = 2002,
  ADDRESS = {Stockholm. Sweden},
  MONTH = SEP,
  OVERVIEW = {La principal novedad que plantean es el uso de un ontologia definida en DAML+OIL
    para definir servicios, y de esta forma las busquedas no se realicen segun correspondencias
    sintacticas sino semanticas. Tambien plantea un protocolo de descubrimiento de servicios
    basadas en un push puro y tiene caches muy parecidas a la mia :(. El protocolo es para
    redes ad-hoc de varios saltos, en un solo salto se realiza broadcast a todo el mundo.}
}


@TECHREPORT{CHA:01,
  AUTHOR = {Chakraborty, Dipanjan},
  TITLE = {Service {C}omposition in {A}d-hoc {E}nvironments},
  INSTITUTION = {Department of {C}omputer {S}cience and {E}lectrical {E}ngineering. {U}niversity of {M}aryland},
  MONTH = DEC,
  YEAR = 2001,
  NUMBER = {{TR}-{CS}-01-20},
  ADDRESS = {Baltimore Country. Baltimore}
}


@ARTICLE{MOO:65,
  AUTHOR = {Moore, Gordon E.},
  TITLE = {{C}ramming {M}ore {C}omponents into {I}ntegrated {C}ircuits},
  JOURNAL = {{E}lectronics},
  YEAR = 1965,
  VOLUME = 38,
  NUMBER = 8,
  MONTH = APR
}


@BOOK{HAN:01,
  AUTHOR = {Hansmann, Uwe and Merk, Lothar and Nicklous, Martin S. and Stober, Thomas},
  TITLE = {Pervasive {C}omputing {H}andbook},
  PUBLISHER = {Springer-Verlag},
  YEAR = 2001,
  NOTE = {}
}


@TECHREPORT{ORT:02,
  AUTHOR = {Ortiz, Enrique C.},
  TITLE = {A {S}urvey of {J2ME} {T}oday},
  INSTITUTION = {Wireless {J}ava},
  YEAR = 2002,
  URL = {http://wireless.java.sun.com/getstart/articles/survey/}
}


@MISC{J2ME:99,
  KEY = {Java 2 {M}icro {E}dition},
  TITLE = {Java 2 {P}latform {M}icro {E}dition},
  YEAR = 1999,
  NOTE = {http://java.sun.com/j2me}
}


@MANUAL{KVM:00,
  KEY = {{KVM}},
  TITLE = {Java 2 Platform Micro Edition (J2ME) Technology for Creating Mobile Devices},
  ORGANIZATION = {{SUN} {M}icrosystems},
  YEAR = 2000
}


@MANUAL{CLDC:00,
  KEY = {{CLDC}},
  TITLE = {Connected, Limited Device Configuration (JSR-30)},
  ORGANIZATION = {{SUN} {M}icrosystems},
  YEAR = 2000
}


@MANUAL{CLDC:03,
  KEY = {{CLDC 1.1}},
  TITLE = {Connected, Limited Device Configuration 1.1 (JSR-139)},
  ORGANIZATION = {{SUN} {M}icrosystems},
  YEAR = 2003
}


@MANUAL{CDC:02,
  KEY = {{CDC}},
  TITLE = {Connected {D}evice {C}onfiguration ({JSR}-36)},
  ORGANIZATION = {{SUN} {M}icrosystems},
  YEAR = 2002
}


@MANUAL{MIDP:00,
  KEY = {{MIDP}},
  TITLE = {Mobile {I}nformation {D}evice {P}rofile ({JSR}-37)},
  ORGANIZATION = {{SUN} {M}icrosystems},
  YEAR = 2000
}


@MANUAL{MIDP:02,
  KEY = {{MIDP 2.0}},
  TITLE = {Mobile {I}nformation {D}evice {P}rofile ({JSR}-118)},
  ORGANIZATION = {{SUN} {M}icrosystems},
  YEAR = 2002
}


@MANUAL{PDAP:03,
  KEY = {{PDAP}},
  TITLE = {Personal {D}igital {A}ssistant {P}rofile ({JSR}-75)},
  ORGANIZATION = {{SUN} {M}icrosystems},
  YEAR = 2003
}


@MANUAL{FP:02,
  KEY = {{FP}},
  TITLE = {Foundation Profile ({JSR}-46)},
  ORGANIZATION = {{SUN} {M}icrosystems},
  YEAR = 2002
}


@MANUAL{PBP:02,
  KEY = {{PBP}},
  TITLE = {Personal Basis Profile ({JSR}-129)},
  ORGANIZATION = {{SUN} {M}icrosystems},
  YEAR = 2002
}


@MANUAL{PP:02,
  KEY = {{PP}},
  TITLE = {Personal Profile ({JSR}-62)},
  ORGANIZATION = {{SUN} {M}icrosystems},
  YEAR = 2002
}


@MANUAL{JSR82,
  KEY = {{Java APIs Bluetooth}},
  TITLE = {Java APIs for Bluetooth ({JSR}-82)},
  ORGANIZATION = {{SUN} {M}icrosystems},
  YEAR = 2002
}


@MANUAL{JSR120,
  KEY = {{Wireless Messaging API}},
  TITLE = {Wireless Messaging API ({JSR}-120)},
  ORGANIZATION = {{SUN} {M}icrosystems},
  YEAR = 2003
}


@MANUAL{JSR135,
  KEY = {{Mobile Media API}},
  TITLE = {Wireless Messaging API ({JSR}-135)},
  ORGANIZATION = {{SUN} {M}icrosystems},
  YEAR = 2003
}


@BOOK{CHE:00,
  AUTHOR = {Chen, Zhiqun},
  TITLE = {Java {C}ard technolgy for smart cards : architecture and programmer's guide},
  PUBLISHER = {Addison-Wesley},
  YEAR = 2000
}


@ARTICLE{MAR:98,
  AUTHOR = {Markantonakis, Constantinos},
  TITLE = {Java Card Technology and Security},
  JOURNAL = {Information {S}ecurity {T}echnical {R}eport},
  YEAR = 1998,
  PAGES = {82--89},
  PDF = {documentos/smartcards/MAR_98.pdf}
}


@ARTICLE{NWA:96,
  AUTHOR = {Nwana, H. S.},
  TITLE = {Software {A}gents: an overview},
  JOURNAL = {Knowledge Engineering Review},
  YEAR = 1996,
  VOLUME = 1,
  NUMBER = 3,
  PAGES = {205--244}
}


@INPROCEEDINGS{PAP:99,
  AUTHOR = {Papastravrou, S. and Samaras, G. and Pitoura, E.},
  TITLE = {Mobile agents for {WWW} distributed database access},
  BOOKTITLE = {Proceedings of the International Conference on Data Engineering {(ICDE99)}},
  YEAR = 1999,
  PDF = {documentos/agentes/PAP_99.pdf}
}


@INPROCEEDINGS{BAL:98,
  AUTHOR = {Baldi, M. and Picco, G.P.},
  TITLE = {Evaluating the tradeoffs of mobile code design paradigms in network management applications},
  EDITOR = {Kemmerer, R.},
  BOOKTITLE = {Proceedings of the 20th International Conference on Software Engineering},
  SERIES = {I{EEE} {CS} {P}ress},
  PAGES = {146--155},
  MONTH = APR,
  YEAR = 1998,
  PS = {documentos/agentes/BAL_98.ps},
  URL = {http://www.elet.polimi.it/upload/picco/listpub.html}
}


@ARTICLE{QI:01,
  AUTHOR = {Qi, H. and Iyengar, S. and Chakrabarty, K.},
  TITLE = {Multi-resolution data integration using mobile agents in distributed sensor networks},
  JOURNAL = {{IEEE} Trans. Syst. Man. Cybern. C},
  YEAR = 2001,
  VOLUME = 31,
  PAGES = {383--391},
  MONTH = AUG
}


@ARTICLE{GLI:02,
  AUTHOR = {Glitho, Roch H. and Magedanz, Tomas},
  TITLE = {Applicability of {M}obile {A}gents to {T}elecommunications},
  JOURNAL = {{IEEE} Network},
  YEAR = 2002,
  MONTH = {May/June},
  OVERVIEW = {Es una referencia a la editorial, realmente la revista entera esta dedicada
    a la aplicacion de agentes moviles para tareas de gestion de red, fundamentalmente.}
}


@ARTICLE{GLI:PIE:02,
  AUTHOR = {Glitho, Roch H. and Pierre, Samuel},
  TITLE = {Mobile {A}gents and {T}heir {U}se for {I}nformation {R}etrieval: {A} {B}rief {O}verview and an {E}laborate {C}ase {S}tudy},
  JOURNAL = {{IEEE} Network},
  YEAR = 2002,
  MONTH = JAN
}


@BOOK{CUG:97,
  AUTHOR = {Cugola, Gianpaolo and Ghezzi, Carlo and Pietro Picco, Gian and Vigna,Giovanni},
  TITLE = {Analyzing Mobile Code Languages. In Mobile Object Systems: Towards the Programmable Internet},
  VOLUME = 1222,
  SERIES = {Lecture Notes in Computer Science},
  PUBLISHER = {Springer-Verlag},
  MONTH = APR,
  YEAR = 1997
}


@TECHREPORT{WHI:95,
  AUTHOR = {White, J. E.},
  TITLE = {Telescript {T}echnology: {M}obile {A}gents},
  INSTITUTION = {General Magic},
  YEAR = 1995
}


@BOOK{LAN:98,
  AUTHOR = {Lange, Dany B. and Oshima, Mitsuru},
  TITLE = {Programming and Developing Java Mobile Agents with Aglets},
  PUBLISHER = {Addison-Wesley},
  MONTH = AUG,
  YEAR = 1998,
  URL = {http://www.trl.ibm.com/aglets}
}


@INPROCEEDINGS{BOR:94,
  AUTHOR = {Borenstein, N. S.},
  TITLE = {{EM}ail {W}ith {A} {M}ind of {I}ts {O}wn: {T}he {S}afe-{T}cl {L}anguage for {E}nabled {M}ail},
  BOOKTITLE = {{IFIP} {I}nternational {C}onference},
  YEAR = 1994
}


@INBOOK{KOT:99,
  AUTHOR = {Kotz, D. and Gray, R. and Nog, S. and Rus, D. and Chawla, S. and Cybenko, G.},
  TITLE = {Mobility: {P}rocesses, {C}omputers, and {A}gents},
  CHAPTER = {{AGENT TCL: T}argeting the {N}eeds of {M}obile {C}omputers},
  PUBLISHER = {Addison-Wesley},
  PAGES = {513--523},
  YEAR = 1999
}


@INBOOK{JOH:99,
  AUTHOR = {Johansen, Dag and Renesse, Robbert van and Schneider, Fred B.},
  TITLE = {Mobility: {P}rocesses, {C}omputers, and {A}gents},
  CHAPTER = {Operating {S}ystem {S}upport for {M}obile {A}gents},
  PUBLISHER = {Addison-Wesley},
  PAGES = {557--566},
  YEAR = 1999
}


@TECHREPORT{TSC:94,
  AUTHOR = {Tschudin, C. F.},
  TITLE = {An {I}ntroduction to the {MO} {M}essenger {L}anguage},
  INSTITUTION = {University of {G}eneva},
  YEAR = 1994,
  ADDRESS = {Switzerland}
}


@TECHREPORT{MAT:94,
  AUTHOR = {Matthes, F. and M{\"u}ssig, S. and Schmidt, J.W},
  TITLE = {Persistent {P}olymorphic {P}rogramming in {T}ycoon: {A}n {I}ntroduction},
  INSTITUTION = {{FIDE} {P}roject {C}oordinator, {D}ept. of {C}omputing {S}ciences, {U}niversity of {G}lasgow},
  YEAR = 1994,
  MONTH = AUG,
  ADDRESS = {Glasgow}
}


@INBOOK{PEI:99,
  AUTHOR = {Peine, H. and Stolpmann, T.},
  TITLE = {Mobility: {P}rocesses, {C}omputers, and {A}gents},
  CHAPTER = {The {A}rchitecture of the {A}ra {P}latform for {M}obile {A}gents},
  PUBLISHER = {Addison-Wesley},
  PAGES = {583--595},
  YEAR = 1999
}


@INBOOK{GLA:99,
  AUTHOR = {Glass, G.},
  TITLE = {Mobility: {P}rocesses, {C}omputers, and {A}gents},
  CHAPTER = {Object{S}pace {V}oyager {C}ore {P}ackage {T}echnical {O}verview},
  PUBLISHER = {Addison-Wesley},
  PAGES = {612--627},
  YEAR = 1999
}


@MISC{IKV:98,
  KEY = {Grasshopper},
  TITLE = {Grasshopper {T}echnical {O}verview},
  INSTITUTION = {{IKV}++ {G}mb{H}},
  YEAR = 1998,
  URL = {http://www.ikv.de/}
}


@INPROCEEDINGS{BEL:99,
  AUTHOR = {Bellifemine, Fabio and Poggi, Agostino and Rimassa, Giovanni and },
  TITLE = {{JADE}: {A} {FIPA}-compliant agent framework},
  BOOKTITLE = {Proceedings of {PAAM}'99},
  PAGES = {97--108},
  YEAR = 1999,
  ADDRESS = {London},
  MONTH = APR
}


@MANUAL{FIPA_AMS,
  TITLE = {{FIPA} {A}gent {M}anagement {S}pecification},
  KEY = {SC00023J},
  ORGANIZATION = {FIPA},
  MONTH = MAR,
  YEAR = 2002
}


@MISC{MFIPA-OS,
  KEY = {Micro {FIPA-OS}},
  INSTITUTION = {University of Helsinki},
  YEAR = 2001,
  NOTE = {\mbox{http://fipa-os.sourceforge.net}},
  URL = {http://fipa-os.sourceforge.net}
}


@MISC{GRASSME,
  KEY = {Grasshopper {M}icro{E}dition},
  INSTITUTION = {{IKV}++ {G}mb{H}},
  YEAR = 2001,
  NOTE = {\mbox{http://www.grasshopper.de/}},
  URL = {http://www.grasshopper.de/}
}


@MISC{WRAP:00,
  KEY = {Margherita2000.com},
  YEAR = 2000,
  URL = {http://www.wraphome.it/wrap_sol_aris_m.htm}
}


@BOOK{SIN:01,
  AUTHOR = {Singhal, Sandeep},
  TITLE = {{WAP} {T}he {W}ireless {A}pplication {P}rotocol : {W}riting {A}pplications for the {M}obile {I}nternet},
  PUBLISHER = {{A}ddison-{W}esley},
  YEAR = 2001
}


@BOOK{FRE:01,
  AUTHOR = {Frengle, Nik},
  TITLE = {{I}-{M}ode: {A} {P}rimer},
  PUBLISHER = {John Wiley \& Sons},
  YEAR = 2001
}


@BOOK{HAN:02,
  AUTHOR = {Hansmann, Uwe and Mettala, Riku and Purakayastha, Apratim and Thompson, Peter},
  TITLE = {Sync{ML}: {S}ynchronizing and {M}anaging {Y}our {M}obile {D}ata },
  PUBLISHER = {Prentice Hall},
  YEAR = 2002
}


@MISC{LEAP-D31,
  KEY = {{LEAP} {P}roject},
  TITLE = {Deliverable {D}31: {S}pecifications of the {LEAP} {A}rchitecture},
  YEAR = 2000,
  PDF = {documentos/agentes/LEAP-D31.pdf}
}


@MISC{FIPA00001,
  KEY = {FIPA00001},
  TITLE = {{FIPA} {A}bstract {A}rchitecture {S}pecification},
  HOWPUBLISHED = {Status {S}tandard},
  MONTH = DEC,
  YEAR = 2002
}


@MISC{FIPA00023,
  KEY = {FIPA00023},
  TITLE = {{FIPA} {A}gent {M}anagement {S}pecification},
  HOWPUBLISHED = {Status {S}tandard},
  MONTH = DEC,
  YEAR = 2002
}


@MISC{FIPA00026,
  KEY = {FIPA00026},
  TITLE = {{FIPA} {R}equest {I}nteraction {P}rotocol {S}pecification},
  HOWPUBLISHED = {Status {S}tandard},
  MONTH = DEC,
  YEAR = 2002
}


@MISC{FIPA00014,
  KEY = {FIPA00014},
  TITLE = {{FIPA} {N}omadic {A}pplication {S}upport {S}pecification},
  HOWPUBLISHED = {Status {E}xperimental},
  MONTH = NOV,
  YEAR = 2002
}


@MISC{FIPA00091,
  KEY = {FIPA00091},
  TITLE = {{FIPA} {D}evice {O}ntology {S}pecification},
  HOWPUBLISHED = {Status {P}reliminary},
  MONTH = APR,
  YEAR = 2001
}


@MISC{FIPA00092,
  KEY = {FIPA00092},
  TITLE = {{FIPA} {M}essage {B}uffering {S}ervice {S}pecification},
  HOWPUBLISHED = {Status {P}reliminary},
  MONTH = JUL,
  YEAR = 2001
}


@MISC{FIPA00093,
  KEY = {FIPA00093},
  TITLE = {{FIPA} {M}essaging {I}nteroperability {S}ervice {S}pecification},
  HOWPUBLISHED = {Status {P}reliminary},
  MONTH = JUL,
  YEAR = 2001
}


@INPROCEEDINGS{BER:03,
  AUTHOR = {Berger, Michael and Watzke, Michael and Helin, Heikki},
  TITLE = {Towards a {FIPA} {A}pproach for {M}obile {A}d hoc {E}nvironments},
  BOOKTITLE = {8th {I}nternational {C}onference on {I}ntelligence in next generations {N}etwroks. {ICIN 2003}},
  YEAR = 2003,
  ADDRESS = {Bordaux ({F}rance)},
  MONTH = MAY
}


@MISC{RAT:02,
  AUTHOR = {Ratsimor, Olga and Chakraborty, Dipanjan and Tolia, Sovrin and Khushraj, Deepali and Gupta, Gaurav and Kunjithapatham, Anugeetha and Joshi, Anupam and Finin, Timothy},
  TITLE = {Allia: {P}olice-based {A}lliance {F}ormation for {A}gents in {A}d hoc {E}nvironments},
  INSTITUTION = {Department of {C}omputer {S}cience and {E}lectrical {E}ngineering. {U}niversity of {M}aryland, {B}altimore {C}ounty},
  HOWPUBLISHED = {{R}esponse to 1st {A}d{H}oc {C}all for {T}echnology},
  YEAR = 2002,
  MONTH = MAY,
  NOTE = {http://www.fipa.org/docs/input/f-in-00061}
}


@MISC{LAW:02,
  AUTHOR = {Lawrence, Jamie},
  TITLE = {{R}esponse to the {FIPA} {C}all for {T}echnology Agents in Ad-hoc Environments},
  HOWPUBLISHED = {{R}esponse to 1st {A}d{H}oc {C}all for {T}echnology},
  MONTH = MAY,
  YEAR = 2002,
  NOTE = {http://www.fipa.org/docs/input/f-in-00062}
}


@MISC{BER:02,
  AUTHOR = {Berger, Michael and Watzke, Michael},
  TITLE = {Ad{H}oc {P}roposal - {R}eviewed {D}raft for {FIPA} 25},
  HOWPUBLISHED = {{R}esponse to 1st {A}d{H}oc {C}all for {T}echnology},
  MONTH = MAY,
  YEAR = 2002,
  NOTE = {http://www.fipa.org/docs/input/f-in-00064}
}


@ARTICLE{GAR:02,
  AUTHOR = {Garlan, David and Siewiorek, Daniel P. and Smailagic, Asim and Steenkiste, Peter},
  TITLE = {Project {A}ura: {T}oward {D}istraction-{F}ree {P}ervasive {C}omputing},
  JOURNAL = {{IEEE} Personal Communications},
  YEAR = 2002,
  PAGES = {22--31},
  MONTH = {April--June}
}


@ARTICLE{SAT:96,
  AUTHOR = {Satyanarayanan, M.},
  TITLE = {Mobile {I}nformation {A}ccess},
  JOURNAL = {{IEEE} Personal Communications},
  YEAR = 1996,
  PAGES = {26--33},
  MONTH = FEB
}


@ARTICLE{NID:01,
  AUTHOR = {Nidd, Michael},
  TITLE = {{S}ervice {D}iscovery in {DEAP}space},
  JOURNAL = {{IEEE} Personal Communications},
  MONTH = AUG,
  YEAR = 2001,
  PDF = {documentos/pervasive/NID_01.pdf}
}


@ARTICLE{HER:01,
  AUTHOR = {Hermann, Reto and Husemann, Dirk and Moser, Michael and Nidd, Michael and Rohner, Christian and Schade, Andreas},
  TITLE = {{DEAP}space -- {T}ransient ad hoc networking of pervasive devices},
  JOURNAL = {{C}omputer {N}etworks},
  YEAR = 2001,
  PAGES = {411--428}
}


@INPROCEEDINGS{PAR:00,
  AUTHOR = {Partridge, Kurt and Arnstein, Larry and Borriello, Gaetano and Whitted, Turner},
  TITLE = {Fast {I}ntrabody {S}ignaling ({D}emostration)},
  BOOKTITLE = {3rd {W}orkshop on {M}obile {C}omputer {S}ystems and {A}pplications ({WMCSA 2000})},
  ADDRESS = {Monterey, California},
  YEAR = 2000,
  MONTH = DEC
}


@INPROCEEDINGS{HIG:02,
  AUTHOR = {Hightower, Jeffrey and Brumitt, Barry and Borriello, Gaetano},
  TITLE = {The {L}ocation {S}tack: {A} {L}ayered {M}odel for {L}ocation in {U}biquitous {C}omputing},
  BOOKTITLE = {4th {IEEE} {W}orkshop on {M}obile {C}omputing {S}ystems and {A}pplications ({WMCSA 2002})},
  ADDRESS = {Callicoon, NY},
  PUBLISHER = {{IEEE} {C}omputer {S}ociety {P}ress},
  YEAR = 2002,
  MONTH = JUN
}


@UNPUBLISHED{HIG:01,
  AUTHOR = {Hightower, Jeffrey and Vakili, Chris and Borriello, Gaetano and Want, Roy},
  TITLE = {Design and {C}alibration of the {S}pot{ON} {A}d-{H}oc {L}ocation {S}ensing {S}ystem},
  MONTH = AUG,
  YEAR = 2001
}


@UNPUBLISHED{GRI:02,
  AUTHOR = {Grimm, Robert and Davis, Janet and Lemar, Eric and Macbeth, Adam and Swanson, Steven and Anderson, Tom and Bershad, Brian and Borriello, Gaetano and Gribble, Steven and Wetherall, David},
  TITLE = {Programming for {P}ervasive {C}omputing {E}nviroments},
  YEAR = 2002,
  OVERVIEW = {Basicamente construye una plataforma de agentes moviles, aunque en ningun momento
              habla de ello como tal. La implementacion la tienen disponible en codigo fuente, y
              tienen implementada algunos ejemplos de aplicacion para probar la funcionalidad. En
              ningun momento habla de J2ME, lo que me parece una deficiencia importante}
}


@INPROCEEDINGS{ADJ:99,
  AUTHOR = {Adjie-Winoto, Willian and Schwartz, Elliot and Balakrishnan and Lilley, Jeremy},
  TITLE = {The design and implementation of an intentional naming system},
  BOOKTITLE = {17th {ACM} {S}ymposium on {O}perating {S}ystems {P}rinciples ({SOSP'99})},
  PAGES = {186--201},
  YEAR = 1999,
  MONTH = DEC
}


@INPROCEEDINGS{SNO:01,
  AUTHOR = {Snoeren, Alex C. and Balakrishnan, Hari and Kaashoek, M. Frans},
  TITLE = {Reconsidering Internet Mobility},
  BOOKTITLE = {8th {W}orkshop on {H}ot {T}opics in {O}perating {S}ystems ({HotOS-VIII})},
  YEAR = 2001,
  ADDRESS = {Germany},
  MONTH = MAY
}


@INPROCEEDINGS{SCH:93,
  AUTHOR = {Schilit, B. and Adams, N. and Gold, R. and Tso, M. and Want, R.},
  TITLE = {The {PARCTAB} {M}obile {C}omputing {S}ystem},
  BOOKTITLE = {Fourth {W}orkshop on {W}orkstation {O}perating {S}ystems},
  YEAR = 1993,
  PAGES = {34--39},
  MONTH = OCT
}


@PHDTHESIS{DEY:00,
  AUTHOR = {Dey, Anind K.},
  TITLE = {Providing {A}rchitectural {S}upport for {B}uilding {C}ontext-{A}ware {A}pplications},
  SCHOOL = {College of Computing. Georgia Institute of Technology},
  YEAR = 2000
}


@ARTICLE{PAW90,
  AUTHOR = {Pawlikowski, K.},
  TITLE = {Steady--State Simulation of Queueing Processes: A Survey of
   Problems and Solutions},
  JOURNAL = {{ACM} Computing Surveys},
  YEAR = 1990,
  MONTH = JUN,
  VOLUME = 22,
  NUMBER = 2
}

@ARTICLE{EMPI,
  AUTHOR = {A. Mishra and M. Shin and W. Arbaugh},
  TITLE = {An {E}mpirical {A}nalysis of the {IEEE 802.11 MAC} {L}ayer {H}andoff {P}rocess},
  JOURNAL = {{ACM} {SIGCOMM} Computer Communication Review s},
  YEAR = 2003,
  PAGES = {93--102},
  MONTH = April,
  VOLUME = 33,
  NUMBER = 2
}

@BOOK{LAW:00,
  AUTHOR = {Law, A. M. and Kelton, W. D.},
  TITLE = {Simulation {M}odeling and {A}nalysis},
  PUBLISHER = {Mc {G}raw {H}ill},
  YEAR = 2000,
  NOTE = {Excellent book on simulation, including necessary
          mathematics on statistics. Make sure you get the
          3rd edition, earlier editions use FORTRAN as
          programming language. Quite expensive, though.},
  EDITION = {3rd}
}


@MANUAL{MODSIM:97,
  KEY = {{MODSIM}},
  TITLE = {Reference Manual {MODSIM} {III}},
  ORGANIZATION = {{CACI} {P}roducts {C}ompany},
  YEAR = 1997
}


@BOOK{GOO:94,
  AUTHOR = {Goossens, Michel and Mittelbach, Frank and Samarin, Alexander},
  TITLE = {The {L}atex {C}ompanion},
  PUBLISHER = {Addison-{W}esley},
  YEAR = 1994,
  EDITION = {2nd}
}


@BOOK{LAM:94,
  AUTHOR = {Lamport, Leslie},
  TITLE = {Latex: a document preparation system},
  PUBLISHER = {Addison-{W}esley},
  YEAR = 1994,
  EDITION = {2nd}
}

@INPROCEEDINGS{PAM2005,
  AUTHOR = {A. Cabellos-Aparicio1 and R. Serral-Graci and L. Jakab and J. Domingo-Pascual},
  TITLE = {{M}easurement {B}ased {A}nalysis of the {H}andover in a {WLAN} {MIPv6} {S}cenario},
  BOOKTITLE = {Proc. of Passive and Active Measurement Workshop (PAM 2005)},
  PAGES = {203-214},
  YEAR = 2005,
  MONTH = MARCH
}

@Comment (BIBSETS)
